5239 8029
113 205 584 314 H. Prof. Tafel.
353 294 1247 425 Rapp, (wegen eines anatomiſchen
536 400 899 505 Geſchäftes.)
306 540 667 643 Widenmann,
197 633 949 756 Univerſitätsraths Haas
981 538 1196 612 bei der
962 620 1261 695 Ständever_
996 674 1224 773 ſam̄lung.
174 792 841 916 Secr. Conz, (unwohl.)
1317 198 2484 316 machte der Senat ſich den Antrag des Ref.
1320 300 2429 430 zu eigen, daß jener Vo die Berathung
1310 374 2500 486 über die in Vorſchlag zu bringenden Männer
1307 449 2492 583 vorerſt ausgeſetzt, und namentlich eine Beru_
1305 552 2487 674 fung des H. Cäſars, welche von dem Facul
1298 628 2485 741 tätsgutachten in Antrag gebracht war, nicht
1304 725 1773 827 ſchon eingeleitet.
1781 691 1941 765 werde
1834 693 2448 814 Mittheilungen des J.
1300 803 2480 919 Steudel gaben Veranlaſſung, die Predici
1309 862 2450 1011 rung des H. Couchard zu modificiren
1662 1143 1749 1224 2.
1339 1224 2497 1358 Betreffend die Beſetzung der orientaliſchen
1314 1326 2454 1459 Lehrſtelle trägt Referent, D. Steudel
1324 1414 2477 1516 darauf an, daß, wenn ein ordentlicher
1320 1483 2482 1608 Profeſſor für dieſes Fach ernannt  be_
1328 1543 2503 1678 ſtellt werden ſollte, auf die Berufung des
1305 1652 2497 1776 Prof. Rückert zurückgegangen werde, daß
1314 1738 1433 1826 aber
1329 1739 2497 1855 auf die von der philoſophiſchen Facultät bean_
1315 1808 2455 1950 tragte Berufung Profeſſors von Bohlen
1298 1883 2509 2025 nicht eingegangen, endlich, daß wenn Rückert
1308 1974 2501 2103 und Bohlen nicht berufen werden ſollten,
1337 2069 1409 2130 von
1302 2082 2508 2205 dem Senat auf zureichende Unterſtützung
1301 2152 2470 2275 des Privatdocenten D. Wolf, Repetenten
1321 2253 2481 2364 Welte und Candidaten Öhler zum Behuf
1321 2353 2492 2455 weiterer Vorbereitung für die orien_
1321 2423 2487 2542 taliſche Lehrſtelle angetragen werde.
1318 2522 2422 2640 Der Senat beſchließt zuvörderſt die
1306 2600 2483 2741 Erklärung, daß die Aufſtellung eines
1329 2679 2453 2802 Ordinarius als Lehrers der orienta_
1295 2748 2502 2895 liſchen Studen Sprachen als Bedürfniß
1315 2850 2480 2994 erſcheine, ſodann, daß vor Allen auf
1327 2926 2459 3082 Rückert zurückgegangen werde. Die
1331 3055 2456 3162 Bedenklichkeiten des Referenten gegen
1319 3114 2423 3253 die Perſon des Prof. von Bohlen in
1315 3214 2493 3326 wiſſenſchaftlicher Hinſicht, theilt der
1317 3287 2495 3418 Senat nicht und beſchließt daher den
1313 3370 2507 3504 Antrag auf von Bohlens Berufung für
1307 3449 2486 3573 den Fall der Nichtberufung Rückerts;
1299 3517 2483 3664 jedoch ſoll auch im Berichte nicht die Be_
1287 3619 2523 3762 merkung ausgedrückt werden, daß vom
