5239 8029
2298 125 2437 226 369.
1635 268 1733 352 12.
1306 304 2486 464 Am Schluß der Sizung werden noch die Kom̄iſ_
1299 395 2397 556 ſionen für die Viſitation der Jnſtitute
1297 496 2334 658 gewählt, und zwar für die Viſitation
1372 569 2476 726 der Bibliothek die Profeſſoren Schrader u.
1425 691 1612 789 Tafel.
1401 742 2267 888 Münz- u. Antiquitäten-Cabinet
1667 821 2250 946 Prof. F. v. Gmelin.
1436 943 2428 1100 Anatomie: auſſer dem von Amts wegen
1390 1004 2460 1160 anweſenden Decan der medic. Facultät:
1552 1097 2322 1245 Autenrieth und Hugo Mohl.
1435 1251 1888 1385 Modellſam̄lung.
1586 1336 2165 1467 Prof. Nörrenberg.
1680 1492 1771 1586 13.
1349 1555 2441 1734 Noch bringt Prof. Mohl die Art zur Sprache,
1305 1645 2446 1814 wie zu Anfang gegenwärtigen Semeſters
1298 1740 2466 1928 zu einer Vorleſung von Seite eines acade_
1302 1840 2496 1999 miſchen Lehrers aufgefordert worden ſey,
1283 1945 2455 2120 welcher eine gedrukte Einladung zu der_
1294 2037 2451 2211 ſelben den Studirenden in's Haus ge_
1292 2143 2406 2327 ſchikt habe, mit dem Antrage: daß
1293 2225 2469 2401 von Seite des academiſchen Senats das
1286 2342 2444 2511 Unpaſſende dieſer Erſcheinung ausge_
1288 2474 1937 2635 ſprochen werden möge.
1354 2531 2425 2716 Prof. Michaelis bemerkt, daß dieſe
1292 2661 2500 2839 Äuſſerung ihn treffe, indem er eine An_
1269 2745 2492 2945 zahl von Exemplaren derjenigen Schrift,
1274 2869 2471 3058 welche er als Einladung zu ſeiner Vor_
1280 2963 2483 3134 leſung über  deutſche Staats- und
1295 3085 2423 3248 Rechtsgeſchichte, habe austheilen laſſen,
1279 3205 2487 3371 welche Schrift übrigens mit Vorwiſſen
1293 3303 2458 3491 der juridiſchen Facultät gedrukt
1288 3441 1677 3557 worden ſey.
1379 3480 2440 3645 Mehrere anweſende Mitglieder
1295 3587 2406 3737 dieſer Facultät erin̄ern, daß für
1305 3661 2416 3833 eine ſolche Verbreitung zum Zwek
