5239 8029
2330 97 2478 165 247.
1314 172 2459 297 theologiſchen Standpunct aus Bedenklich_
1335 264 2442 386 keit gegen v. Bohlen erhoben werden,
1345 350 2268 466 könnte. D. Steudel wird gegen
2267 329 2304 381 v.
2268 339 2478 441 Bohlens
1329 448 2486 571 Berufung ein Separatvotum beibringen.
1317 562 2478 667 Wenn weder Bohlen noch Rückert beru_
1314 660 2459 747 fen werden ſollten, ſo eignet ſich der
1313 717 2473 815 Senat die den im Referat enthaltenen
1315 809 2456 927 Antrag hinſichtlich des D. Wolf, Repet.
1311 900 2141 1003 Welte und Cand. Öhler an.
1683 1106 1789 1176 3.
1310 1160 2517 1297 Nach Vorleſung des Decrets v. 7. Jul. 1836,
1311 1264 2480 1379 wodurch der Gehalt des Prof. Walz auf
1323 1366 2494 1456 900 f erhöht, demſelben Sitz und Stim̄e
1307 1424 2480 1560 in der philoſophiſchen Facultät, und der
1318 1508 2493 1636 Titel und Rang eines ordentlichen Pro_
1302 1581 2450 1716 feſſors der Univerſität unter der Be‗
1302 1686 2426 1789 dingung verliehen wird, daß er den
1299 1768 2463 1877 Ruf nach Dorpat ablehne; wird auch
1317 1855 2455 1968 die dem Walz hierüber abgeforderte
1309 1944 2467 2065 Erklärung verleſen, worin er welche
1309 2042 2468 2141 dahin lautet, daß Prof. Walz zu der
1308 2118 2477 2246 Ablehnung der ihm angetragenen Stelle
1296 2204 2512 2329 zu Dorpat nur dann ſich verſtehen könnte,
1305 2279 2432 2399 wenn ihm die etatsmäßige ſiebente
1293 2359 2503 2484 Profeſſur in der philoſoph. Faculät über_
1296 2460 2516 2595 tragen würde. Der Senat beſchließt, die
1310 2566 2501 2692 Erklärung des Walz unter Bezeugung
1308 2629 2459 2778 des Wunſches vorzulegen, daß dieſer
1317 2726 2495 2850 tüchtige und verdiente Lehrer, welcher
1302 2827 2440 2929 gegenwärtig nicht zu erſetzen wäre,
1317 2916 2450 3015 der Univerſität erhalten werden möchte.
1294 3007 2464 3123 Gegen dieſen Beſchluß erklärt ſich Prof.
1317 3094 2437 3186 D. Scheuerlen mit dem Bemerken zu
1295 3192 2450 3292 Protocoll, daß er nicht nur wegen der
1316 3299 1831 3386 ſchon erfolgten
1836 3244 2020 3306 höchſten
1831 3292 2475 3381 Entſcheidung, und im
1300 3360 2427 3466 Jntereſſe des Prof. Walz ſelber für
1318 3447 2420 3554 einfache Vorlegung der Erklärung
1308 3554 1948 3657 des Letzteren ſtim̄e.
1353 3608 2398 3740 Zugleich wird der den Prof. Hohl betreffende Erlaß
1354 3683 2447 3808 vom 7. Jul. 36. mitgetheilt, wornach der Gehalt des Prof.
1354 3760 2207 3901 Hohl von 600 f auf 800 f. erhöht wird.
233 406 708 541 Ein Separatvotum ſchlieſſen
621 354 750 453 behalten
708 423 870 542 ſich vor
425 523 639 630 v. Schrader,
438 597 551 721 Herbſt,
415 697 565 779 Jäger,
436 756 712 847 von Eſchenmayer,
469 815 659 913 Scheuerlen,
491 890 629 998 Schmid.
1160 3700 1336 3802 ſ. nro. A.
