5239 8029
1298 210 2475 350 tæt betreffend die Anſtellung des Lehrers des
1282 312 2405 440 Baufachen. Beſchloſſen ad acta zu legen.
1605 444 1702 533 4.)
1278 520 2493 660 Wird in Hinſicht des Recurſes des Schultheißen
1282 595 2467 731 Häcker in Kirchheim, die Einſezung ſeines
1302 706 2461 816 Sohns in die ProbſtMülleriſche Stipendium
1306 790 2456 912 beſchloſſen, den in vorangegangener Sizung
1287 862 2468 989 gefaßten Beſchluß K. Miniſterium zur
1292 965 2050 1102 Genehmigung vorzulegen.
1610 1093 1716 1194 5.)
1288 1183 2464 1328 Prof. Reyſcher refer. in Betreff des
1294 1290 2473 1394 Recurſes des Stud. Wolf von Kanſtædt.
1292 1365 2451 1495 Beſchloſſen gegen Ref. vom Senat aus
1310 1454 2421 1599 den Recurs für deſert zu erklæren.
1604 1581 1710 1681 6.)
1289 1664 2415 1828 Mittheilung eines Erlaſſes betreffend die
1281 1767 2433 1911 Angabe der academ. Lehrer, wie viele
1270 1862 2477 2027 Prüfungen ſie im Laufe des Semeſters
1263 1982 2006 2139 gehalten vom 1/4 Mærz
1577 2118 1684 2247 7.)
1300 2235 2453 2376 Wird beſchloſſen, daß gemæs dem Erlaß
1302 2329 2420 2454 vom 19/23 Febr. l. J., dem Kanzler auch
1288 2408 2443 2551 von den Verhandlungen, welche bey den
1285 2507 2431 2640 Facultæten per capsulam vor ſich
1263 2596 2330 2745 gehen, Mittheilung zu machen ſey.
1611 2755 1709 2839 8.)
1308 2837 2469 3007 Wird die Mittheilung gemacht, daß Prof.
1279 2922 2439 3055 Walz ſein Geſuch um Ertheilung einer
1285 3013 2463 3150 ord. Profeſſur auf ſich beruhen laſſen
1296 3106 1450 3180 wolle.
1663 3117 1752 3206 9.)
1301 3188 2468 3290 Wird Prof. Mayer aufgegeben das Program̄ für den näch_
1284 3243 2470 3332 ſten Geburtstag S. May. des Königs zu ſchreiben u: die Rede zu
1246 3280 1423 3355 halten.
1857 3283 2132 3373 Pro ſecr.
1852 3376 2337 3555 Prof. Mayer
804 3273 1265 3401 Geſehen
844 3358 1474 3478 d 13. April 1837.
1207 3457 1851 3655 D. Scheurlen.
