4260 5213
335 198 196 223 52

623 496 3287 230 16.) Stiftungsfest des A. N. M. V. im Zoolog. Garten, neue Säle. Ging

552 656 2016 247 früh, bin hier doch ziemlich losgelöst.

594 832 3309 189 18.) Tuisko kurz. Abends Familie in Friedenau bei Richard

476 1016 3400 182 zu Erika's 2tem Geburtstag. Nur an den Kindern fühl ich, daß ich

497 1107 3317 233 fort gewesen. Sonst zum Glück alles ganz unverändert. Auch

527 1238 763 172 das Stadtbild.

227 1338 3678 223 Sonntag d. 19.) Vorm. Besuch bei Hermann's, auch bei Rudi's Braut Frl. Sieder. Nun

497 1495 3436 177 liegt etwas Zeit zwischen uns. Ich möchte kein Mädchen so lange

498 1583 760 191 warten lassen.

644 1674 1977 256 20.) Nachm. Besuch bei Heyroth's Eltern.

659 1841 2482 220 23.) Bei den jungen Heyroth's zum Abendbrot.

646 2003 3168 155 25.) Vorm. Papa Lorenz mit seiner ersten Klasse im Museum,

681 2118 3299 183 zeigte die Saurier. Ich Klotz stand da und dozierte, von all den

676 2205 1993 218 frischen Mädchen habe ich nichts gesehen.

235 2322 3687 239 Sonntag d. 26.) Vorm. mit Gerngroß im Grunewald zwischen Hundekehle

512 2492 3441 178 und Paulsborn spazieren gegangen. Auch er jung verheiratet.

641 2597 1830 207 27.) Abends Bekannte von Erna

2052 2595 631 139 Fr. Hertzberg u. Tochter

2422 2694 364 97 zwei

2683 2585 275 132 junge

2786 2647 956 176 Musikfreundinnen

499 2777 3464 161 und Frl. Hoppe, die Gesangslehrerin hier. Frische Mädchen, die ich gern

481 2935 3359 133 mag, sie interessierten sich sehr für meine Photographieen.

480 2982 3514 161 Brachte sie mit Freuden nach Haus. Blieben im Fahrstuhl stecken,

477 3107 3373 163 von 12-1 dort eingesperrt, der Portier wußte nicht zu helfen,

501 3222 3200 176 mußten die Feuerwehr holen, die in drei Automobilen

477 3377 566 154 anrückte.
