4260 5213
3702 191 183 175 33

325 335 3493 270 Ambrosius kennen, der in d. Matumbi-Bergen die

288 531 3582 285 Höhlen entdeckt hat u. dort jetzt für Leipzig (Weule)

308 710 3633 184 Ausgrabungen macht (alte Niederlassungen.) Sandte 2 mei„

340 892 3553 199 ner Leute mit, um im Jura zu sammeln, da mir

321 1017 3666 179 leider keine Zeit mehr bleibt dorthin zu kommen;

286 1157 3595 195 die Bornhardt-Route nicht mehr gangbar, der neue

264 1296 3528 207 Weg 2 Tage längs der Küste im flachen Vorlande.

234 1426 3760 281 Habe auch keine Träger mehr, wenn ich in nächsten Tagen

274 1599 3708 239 etwa fort wollte, sie im teuren Kilwa so lange zu

241 1829 3816 219 ernähren geht über meine Kraft u. neue bekommt

245 1960 1111 197 man hier nicht.

378 2102 3526 322 23. Sept. Gepackt. Abends einer Einladung des Hrn.

247 2298 3628 281 Schirmer folgend zur Klub-Versammlung in dem

279 2485 3618 253 herrlich auf d. Ssingino gelegenen eigenen Hause. Mit

292 2622 3704 270 einem Herrn Moll in dessen Wagen bis zum Fuß des

288 2765 3741 242 Berges gefahren. Wie eine deutsche Landstraße. Am Aufstiege

275 3004 3760 179 die Quelle der städtischen Wasserleitung wegen des großen

309 3119 3557 237 sofort kräftig fließenden Wasserreichtums bewundert.

257 3245 3580 200 Leider hat mein grade eine brackige Quelle gefaßt,

288 3374 3548 285 die andern sollen besser sein. Immerhin ein hier

290 3554 3713 225 ungewohnter Segen. Köstlicher Abend mit Blick auf

274 3675 3541 240 die Bucht. Hr. Schirmer u. ich blieben für d. Nacht,

285 3825 3608 268 d. andern 4 Herren gingen nachts gegen 12 zurück.

381 3984 3490 315 Sonntag d. 24. Sept. Köstlicher Morgen mit Abschiedsblick

315 4175 3521 252 auf d. afrikanische Küstenland. Im Orte heut mohame„

305 4427 3700 173 danisches Neujahr, Rhamazan. Besuche der Inder u. Schwarzen

306 4521 2069 277 bei d. Europäern u. Bewirtung.

538 4666 2830 277 Spaziergang durch d. Ort. Fast täglich Abendschoppen.
