4260 5213
3673 193 229 192 43

307 528 3583 273 zu kurz, aber für meine Verhältnisse zu teuer, auch fühle ich mich doch

309 731 3656 152 nordwärts gezogen, obwohl leider Mama u. Erna nicht entgegenkom„

292 923 3711 175 men „wegen schlechten Wetters“. Und hier blüht der üppigste Sommer.

311 1073 3711 162 Allenthalben frisches Grün, die Leute auf den Feldern beim Bestellen.

352 1126 3468 267 Eigenartig die Weinranken-Wände zwischen weitstehenden

370 1363 3381 183 Bäumen als Zwischenkultur der Felder. O was hat selbst

390 1466 3578 157 dies unzivilisierte Volk im Laufe der Jahrhunderte an Kultur

423 1605 3464 201 geleistet, u. wären es nur die aufgeführten Mauern; welch eine

414 1790 3647 194 Unsumme von Arbeit. Indessen mir scheint Kultur zu wesentlichem

456 1922 3580 194 Teil auf Bevölkerungsdichte, nicht allein Geistesanlage zu beruhen.

418 2036 3377 228 Schöne Bilder in der Campagna; eigenartig großgehörntes

428 2187 3546 216 Rindvieh: Der Schnellzug hat natürlich bald 2 Std. Verspätung,

433 2393 3381 177 so daß ich in Rom mit dem schwindenden Tag nicht mehr

459 2494 3491 226 viel anfangen kann. Ich hatte des Tages auf der Via Appia

446 2604 2576 261 gedenken wollen. Logis im Park-Hotel.

553 2777 2969 196 Abends in der Oper „Cavalleria rusticana“ und

433 2898 3308 276 „Pagliazzi“. Aufführung schien mir mäßig, Publikum

387 3074 3322 211 übel, den beiden Musikwerken vermochte ich heut nicht

385 3186 3468 218 mehr abzugewinnen als die bekannten Stellen, besonders

415 3363 3399 184 das zweite langweilte mich. Ich war freilich sehr müde

404 3508 3363 206 und mußte immer wieder gegen die zufallenden

419 3658 1107 235 Augen ankämpfen.

555 3834 3271 201 21. Oct. Morgens im Park nahe beim Hotel. Köstlich frische

411 3932 3440 187 Luft, etwas Herbstnebel, aber froh u. stark. Rotkehlchen. Goethe

404 4052 3459 224 Denkmale. Dann St. Peter (s. Brief an Mama), den ich innen

394 4256 3436 159 nur zu bewundern, nicht zu erleben vermochte. Freilich viel

357 4398 3362 188 Handwerker und Unruhe. Durch die Stadt gebummelt.
