4260 5213
3823 188 180 186 19

2966 230 734 185 Makangaga 5. Sept. 11.

1211 526 1678 247 Zu Kant: Kritik der Urteilskraft

1654 716 2329 221 (§ 68 Von d. Prinzip d. Teleologie als innerem Prinz. d. Naturw.)

368 964 3452 252 „Es soll nur eine Art der Kausalität der Natur, nach einer Analogie mit

414 1226 3354 165 der unsrigen, im technischen Gebrauche der Vernunft, bezeichnet werden,

395 1322 3538 163 um die Regel, wonach gewissen Produkten der Natur nachgeforscht werden

388 1428 2257 259 muß, vor Augen zu haben“ (heuristisches Prinzip)

523 1589 3414 204 [Anm. „Ein Urteil, bei welchem man das Längenmaß seiner Kräfte (des

415 1760 3619 156 Verstandes) zu überschlagen vergißt, kann bisweilen sehr demütig klingen

418 1980 3448 137 und macht doch große Ansprüche u. ist doch sehr „vermessen“. Von der

422 2027 3494 199 Art sind die meisten, wodurch man die göttliche Weisheit zu er„

420 2170 3522 257 haben vorgiebt, indem man ihr in den Werken der Schöpfung und

403 2308 3296 207 der Erhaltung Absichten unterlegt, die eigentlich der eigenen

375 2463 2437 252 Weisheit des Vernünftlers Ehre machen sollen.]

214 2622 3638 202 Beispiele: Planktonische Lebewesen „gestalten sich“ bisweilen so, daß sie durch

386 2790 3391 156 Ausnutzung der Gesetze der Oberflächenspannung (trotz absolut größeren

406 2873 3584 213 spezifischen Gewichts) in der Schwebe erhalten bleiben. Aerophile Pflanzen

413 2999 3544 187 Bäume werfen das Laub ab, „um“ während der Trockenperiode (einschl.

374 3144 1952 233 Winter) die Verdunstung zu hemmen.

611 3266 3242 159 In der Naturbetrachtung erscheint das Endziel (Anpassung an das Milieu,

407 3377 3436 153 Verbergen vor Feinden, Eroberung eines neuen Milieus, z. B. der Luft)

427 3541 3373 170 ebenso wie in d. menschlichen Kultur der bewußte Zweck in

440 3658 3493 213 gewissem Sinne als Ursache der Form (als Wirkung). Hier wie dort

443 3781 3480 196 mißglückt unter Umständen das Streben nach dem Ziel: Absterben von

433 3957 3440 154 Bäumen, auch jungen, in Südwestafrika, weil d. Grundwasser sinkt und

270 4083 2842 203 eine die Umwandlung nicht schnell genug folgen kann.

657 4249 3202 175 Jedoch ist der menschliche Zweck ein Primäres, im Geiste vollendet

413 4358 3405 210 Vorhandenes, das betr. Kunstprodukt sekundär als Mittel zu seiner

429 4564 3534 191 Erreichung entstehend, die Erreichung selbst schließlich etwas Tertiäres.
