4260 5213
3699 242 148 70 53

346 312 727 257 Dezember:

552 517 3247 265 1.) Abends mit Erna zum jour fixe bei Frl. Hoppe. Musiziert.

403 751 3329 166 Sonntag d. 3: Nachm. u. Abd. Familie in Friedenau, da Richard

442 856 3481 233 morgen auf 14 Tage zu Vorträgen nach Petersburg und Moskau

439 999 341 222 fährt.

568 1127 3246 219 6.) Abd. Geolog. Gesellsch. 2 schlechte Vorträge mit viel übler

434 1314 3615 185 Polemik. Ich zum Schriftführer gewählt. Lade mir zu allen andern

433 1478 3592 193 Arbeiten dies Amt auf, um Stellung zu gewinnen. Ich muß jetzt

475 1570 3375 251 am geolog. Himmel ein bischen „Aufgehen“ inszenieren, da es

468 1717 1460 227 nicht von selber kommt.

739 1811 3274 199 In d. Nachsitzung erfahren, daß Kolonial-Geologie in Hamburg

519 1950 3445 195 konzentriert wird u. jede Kolonie einen etatsmäßigen Geologen

503 2072 3505 170 erhält. Nach Ostafrika Herr Scholz. Das ist mir nun durch meine

515 2194 3344 230 Abwesenheit vielleicht schon entgangen, wenn es auch nicht

522 2359 982 142 mein Ideal ist.

593 2475 3191 218 7.) Mit Mama u. Erna in d. Lichtspielen (Kinematograph)

521 2617 3384 202 am Stollendorfplatz. Schlechtes Programm, hatte auch technisch

561 2740 3380 235 schon höhere Vollkommenheit erwartet. Hatten ursprünglich in

565 2872 3397 255 die Oper (Mignon) gehen wollen, es dann aber wegen Heiser„

543 3046 1820 224 keit Ernas wieder aufgegeben.

575 3191 3320 206 9.) Abends mit Herrn E. Schulze-Lindi auf Freibillets im Konzert

521 3363 3463 181 der Musikhochschule: 1. u. 2. Symphonie v. Beethoven. Leider durch Ermüdung

539 3466 2114 202 ein wenig gehindert, dennoch reicher Genuß.

258 3554 3731 251 Sonntag 10:) Nachm. Mittags allein zu Branca u. Frau geladen. Meine Zukunfts„

636 3713 3315 243 pläne sind leider noch immer sehr schattenhafter Natur. Eine

603 3872 3365 190 Kustosstelle ist nicht bewilligt worden, würde auch vermutlich

620 3992 3343 182 mit außerord. Professur f. Palaeont. vereinigt werden, also nicht

605 4106 3269 159 mir zufallen können. An d. Landesanstalt ist z. Z. kaum anzu„

589 4247 3339 193 kommen, auch wäre mir das keineswegs restlos sympathisch

611 4384 3255 187 immer aus d. Gesichtspunkte heraus, daß ich möglichst bald
