4260 5213
350 197 197 186 56

260 532 3511 241 burger Schillertheater „Madame sans gêne“, ein sehr unmögliches,

319 761 3519 163 nicht bedeutendes Stück, aber glänzende Aufführung. War leider

363 822 3450 203 nicht allein, da ich A. N. M. V.er Kaufmann mit Schwester u.

339 922 3525 252 Kousine traf u. in d. Pausen „Gesellschaft“ mimen mußte.

392 1081 1770 243 Schadet mir eigentlich garnichts!

603 1177 3100 269 18. Dez: Beginn des Dienstes im Institut. Habe im Urlaub

436 1346 3211 226 nur das populäre Büchlein gefördert, leider noch nicht ganz

450 1468 3390 253 fertig. Jetzt geht's tüchtig an's Auspacken, das ich auch bisher schon

417 1612 1733 214 freiwillig tüchtig gefördert habe.

707 1704 3020 226 Abends nochmals zum Institut in's Kolloquium. Vor d.

452 1860 3416 169 Museum starker Straßenverkehr, war über den halben Damme

442 1959 3294 249 gelangt, fand aber keine Lücke zwischen Auto's, konnte auch

459 2093 3276 211 nicht mehr zurück, da hinter mir die Wogen sich geschlossen

471 2219 3402 240 hatten, trat daher zwischen die Straßenbahnschienen. Die beiden

464 2396 3406 114 einanderkommenden Wagen fuhren aber beide unerwartet

440 2477 3506 152 eine Kurve, so daß ich zwischen die Wände gedrückt u. umgerissen

455 2637 3480 177 wurde. Zum Glück hatte es ein Fahrer bemerkt u. bremste sonst

491 2734 3345 173 konnte ich Hand u. Fuß einbüßen, die Schutzvorrichtung schob

500 2808 3245 213 mich seitwärts hinaus. Bin dem Geschick dankbar so davon

527 2945 3420 265 gekommen zu sein, ich könnte es in seinen Folgen kaum

546 3084 3351 210 ausmalen. Freilich neuer Mantel u. neuer Anzug in dem

526 3269 3224 127 ewigen Schmutz unsres feuchten Klimas gleich erheblich

549 3397 3337 125 mitgenommen, kleine Wunde am Fuß. Mußte unver„

531 3464 3390 223 richteter Sache wieder nach Haus fahren. Recht ärgerlich.

759 3655 3158 195 Abend Janensch, der heut eingetroffen, bei mir, wir

542 3745 3362 177 allein zu Haus. Alle Institutskollegen habe ich in diesem

577 3891 3146 199 Jahre nun schon länger gesehen als ihn! Ist's möglich.

569 4053 3337 229 19. Dez. Abds. mit Janensch bei Herrn Schulze aus Lindi

753 4237 2111 183 eingeladen. Janensch im Institut.

584 4378 3329 200 21 Dez: Blieb mittags in Insti d. Stadt, nachm. im Institut. Von
