4260 5213
296 200 296 233 54

428 536 3562 209 Familie zu gründen hätte u. eine allsommerliche Abwesenheit

418 723 3506 196 im Felde mir eine sehr böse Beigabe scheint. Habilitation bringt

424 781 3531 178 mich zunächst keinen Schritt weiter, würde sich aber jetzt ganz

461 941 3447 213 gut machen. Branca rechnet fast fester damit als ich, will

429 1047 3595 206 wissen, was ich lesen würde u. dgl. Ich selbst habe noch garnicht

390 1213 3595 196 so recht das ganze Selbstvertrauen dazu, mein üblicher Fehler.

417 1369 3571 173 Ich weiß aber, daß ich d. Eisen Branca schmieden muß, solange

424 1458 3628 191 des heiß ist, also sage ich nicht nein. Fast 30 Jahre und 1500 M. Gehalt,

446 1597 2080 196 Und keine Aussicht für absehbare Zeit!

666 1717 3175 235 Ich hätte jetzt fast Neigung freies Junggesellentum zu

442 1819 2903 263 führen, aber die Neigung darf nicht aufkommen!

582 2018 3314 206 Abend: Lyceum-Klub, wo Erna in einem Tee ihrer Gesang„

447 2145 3521 232 lehrerin Hoppe singt. Ihre Stimme u. Fähigkeiten haben wirklich

453 2321 3431 167 achtunggebietende Ausbildung erfahren. Ich freue mich sehr

464 2449 3240 207 darüber, denn es muß ihr Selbstbewußtsein in ihre

447 2585 1617 241 Einsamkeit geben können.

630 2781 3052 193 11.) Abend: Mit Billet v. Hrn. Lorenz im Opernhaus,

495 2861 3413 272 Symphonie-Abend: Mozart u. zum ersten Male — Mahler.

524 3086 3456 192 Ich hatte vor letzterem eine gewisse Scheu, als ich erfuhr, daß er

523 3180 3290 182 als neues Ausdrucksmittel Ruten braucht, die an's Holz der

467 3289 3555 247 Pauke geschlagen werden(!), u. daß als ich sah wie das Orchester

529 3445 3364 166 einem Turnsaal glich: hohe lange Glocken wie Kletterstangen

521 3590 3489 175 u. eine unendliche Schar vom Instrumenten, Knaben, Frauen„

438 3709 3555 172 stimmen. Dazu mitten drin Text von Nietzsche, das Ganze

508 3872 3323 193 hypermodern - übermenschlich. Ich wurde angenehm ent„

434 4012 3365 248 täuscht; er hat wirklich unendlich viel zu sagen u. leider

455 4180 3332 252 konnte ich beim ersten Anhören nicht entfernt überall

445 4346 3463 223 eindringen. Was hier an neuen Sprachen u. Möglichkeiten
