4260 5213
3817 201 108 216 7

350 517 3594 227 3. Aug. Auf blöden Zickzack-Wegen (sowohl horizontal als vertikal) in

319 743 2449 231 eine Erosionsbucht des Plateaurandes, an deren

2582 717 281 116 oberm

2720 731 1244 233 Ende eine 2te größere

329 856 3590 260 u. vermutlich ältere, die das Lepraheim Noro enthält u. deren

315 1006 3638 202 Wände das Höhlengestein bildet. Der Akide hatte mich führen wollen,

325 1206 3512 181 stellte aber heut nur einen Führer, anscheinend weil ich diese Route

323 1292 3449 210 gewählt hatte, an der eine ganze Menge Bananen u. Mtama zu

288 1419 3672 191 sehen waren, die es gestern „nicht gab“. Der „Führer“ behauptete den

281 1581 3544 188 Weg nicht zu kennen, einmal war er wirklich recht dumm u.

356 1757 3488 197 zweitens wollte er durchaus nicht mit d. Höhlen herausrücken. Ich

355 1870 3439 242 konnte mich nicht garzulange mit Suchen aufhalten, hatte keine

341 2011 3672 228 vernünftige Lampe u. niemand traute sich mit zu dem „sheitani

353 2175 3569 226 hinein, auch war ich selbst nicht sicher vor Löwen, Schlangen u. dgl.

377 2314 3330 235 Immerhin einen interessanten Einblick in das Wesen des

378 2450 3458 288 Ganzen gewonnen. Korallen od. sonstige Fossilien nicht zu sehen.

374 2603 3576 194 Beim weiteren Aufstieg erstaunt, auf den Kalken (an deren höchster Stelle

366 2770 3626 207 ganz undeutliche Fossilreste) rote Sande zu finden. Also doch „Mikindani-Sch“?

369 2927 3567 166 Dann beim Abstieg darin wieder eine härtere rote Bank, die nur der

402 3058 2836 240 Zone des New.-Sdst. angehören kann. Also doch Kreide?

2935 3161 200 153 ja!

3190 3057 635 212 Leider auch

378 3234 3699 202 jetzt kein Blick auf d. Nebental des Mavudyi, in das wir hinabstiegen,

377 3416 3416 139 oder gar diesen selbst. Machemba-Schamben auf stark zerrissenem

371 3518 3394 155 Gelände, Trockentäler u. Hügelkuppen, deren Beziehungen zu den

386 3624 3631 240 Plateauhöhen u. zum Mavudyi dauernd unsichtbar. Reiskäufe. D. Reis

369 3837 3470 184 wird merkwürdigerweise im Talboden, auf d. Hängen u. Hügelrücken mit

372 3948 3621 198 gleichem Erfolge gebaut, die Bodenfeuchtigkeit scheint danach weniger Ein„

379 4126 3507 182 fluß zu haben. Der Boden aber ist einfacher Sand, wie er auch

360 4195 3562 257 sonst weit verbreitet ist, ohne Reis zu tragen. Die Bewohner leben

387 4365 3671 212 doppelt eingeengt von den steilen Höhen allerseits u. dem überall

380 4469 3558 284 undurchdringlichen Busch. In letzterem hausen hier besonders zahlreiche
