4260 5213
3585 182 185 268 39

290 589 3468 241 Passagieren wenig Mitleid bemerkbar. Das Schiff geht

247 726 2800 182 weiter u. d. Sache ist abgetan. Vorwärts!

481 897 3455 192 Nachm. endlich über die windstille Zone hinaus u.

319 1010 3631 225 nun etwas Luftzug von vorn. Nun ist es überstanden.

416 1141 3476 231 11. Oct. Die See wie ein Spiegel, aber d. Luft nun an„

377 1358 3495 175 genehm, mittags freilich noch warm. „Enzio“ von Huch

354 1433 3687 286 gelesen, auf das mich schon d. „Kunstwart“ hingewiesen

367 1595 382 251 hatte.

414 1779 3603 228 12 Oct. Schön frisch am Morgen, wieder ein deutscher Dam„

324 1921 3656 236 pher unter der Menge. Hübsche Begrüßungssitten. Bucht v. Suez.

384 2040 3590 248 13 Oct. Morgens auf Suez zu, gegen 8 vor Anker. Quarantäne

364 2234 3542 151 eingehend. Einfahrt in d. Kanal gegen 11. Konnten leider

353 2378 3536 196 die Fahrt über Kairo nicht machen, da Zeit zwar vor„

407 2553 3618 131 aussichtlich vorhanden, aber nicht garantiert werden konnte.

374 2583 3608 231 Das westl. Ufer ist fast ständig mit Grün bedeckt infolge d.

375 2793 3586 182 Süßwasserkanals u. Anpflanzungen. Die Kasuarinen in d.

387 2959 3667 230 2½ Jahren anscheinend tüchtig gewachsen, denn ich konnte

383 3084 3563 241 mich dieses Anblicks kaum entsinnen. Viehherden u. s. w.

377 3206 1934 218 rechts dagegen trostlose Wüste.

468 3382 3469 228 14 Oct. Morgens 6 Uhr in Port Saïd: An Land. Durch d. Ort,

410 3497 3354 268 der häßlich, schmutzig ist u. auch kaum Interesse bietet.

406 3675 3495 232 Die sittliche Verkommenheit ist grauenerregend. Ich

361 3827 3486 166 ging rasch an Bord zurück, obwohl gekohlt wurde u. d.

356 3946 3326 245 Aufenthalt unerfreulich war. Vom Kriege nichts

399 4104 1767 240 zu spüren. Um 12 in See.

483 4285 3512 205 15. Morgens weiße Kämme und hohe Wellen, aber keineswegs stürmisch;

317 4389 3609 254 im Segelboot würde man's gehörig spüren, aber d. „Windhuk“ geht so
