4260 5213
3600 235 208 193 59

305 580 3451 200 27. 3.ter Feiertag. Gemalt. Abd. Wir 4 bei Tante Hedwig u.

381 740 3466 227 Töchtern. Bruno u. ich kriegen keine rechte Unterhaltung zustande,

386 880 3324 226 obwohl in dieser Familie viel Humor steckt u. der

370 1042 3417 162 Engel des Schweigens kein Gastrecht genießt. Zuletzt

382 1156 1086 233 sehr ausgelassen.

373 1386 2785 181 28. Abend Versammlung ehemaliger Tuiskonen.

403 1531 3513 184 229. Abend „ „ „ „ Wilhelmiten. Viel neue

481 1625 529 227 Gesichter.

385 1811 3359 239 30. Wir nebst den Friedenauern u. Semmlers bei Tante

421 1941 2311 267 Wiebcke. Zeigte meine Photographieen.

376 2139 3451 238 31. Dez: Zur Sylvester-Feier nebst Rich, Lisb., Lorenz und

436 2353 3383 236 Lisb.'s Tanten bei Prof. Poske's in Lichterfelde-Dahlem. Z. T.

434 2500 3162 232 recht ausgelassene Stimmung. Alles in Kostümen, ich im

436 2628 3469 182 weißen Tropenanzug, Cylinder mit Schild, Pfeil u. Bogen u.

493 2814 3009 208 Speer u. s. w. Etwas getanzt. Die Zeit verging rasch.

631 2990 3083 196 Gegen 3 Uhr morgens zu Haus. Hatte Einladung von

421 3104 2674 184 Trendelenburg's, der ich leider nicht gut folgen konnte.

825 3216 2295 258 Prosit Neujahr, möge es Heil bringen!

438 3398 3254 218 Auf das alte darf ich getrost u. mit Dankbarkeit zurückblicken,

361 3564 3486 164 es hat mir aus reichem Füllhorn neue Eindrücke, Erfahrungen

357 3718 3547 175 u. Genüsse geschenkt, zu allem noch die italienische Offenbarung.

374 3809 3448 243 Und hat mir die Heimat wiedergeben, alle Meinen gesund

405 3991 3219 201 und unverändert. Entsetzlicher Gedanke, wie die Rückkehr

439 4126 3299 161 anders hätte sein können! Unverändert gehe auch ich mit

423 4246 3290 254 allen früheren Kräften in's neue Jahr, in vielen Dingen

430 4442 3316 222 allzu unverändert. An's neue Jahr habe ich nun zuerst
