4260 5213
353 234 166 198 38

365 564 3553 256 gefahren. Schöne Straße, wenn auch traurig öde, durch kl. Fels„

392 758 3407 214 schlucht wieder dem Meere zu, durch d. alte Stadt Aden, die

396 893 3558 155 höchst interessante, charakteristische Bilder weist. Wasserstau„

442 997 3464 265 werke imposant u. durch ihre Entstehungsgeschichte gleichsam

421 1181 3597 191 wie eine Vergegenwärtigung alter römischer Kolonialarbeit.

435 1324 3402 158 Kein Tröpflein Wasser darin u. wohl überhaupt selten in

452 1435 3589 204 Tätigkeit, da Regenmenge ganz gering. Klimaänderung in

429 1571 3572 283 historischer Zeit? Andern Weg durch Tunnels zurückgefahren.

427 1749 3576 244 Die Arbeit d. Engländer zwingt zu Hochachtung, scheint hier

419 1932 3545 214 beinah verschwenderisch. Feste Gänge im vulkanischen Tuff,

445 2051 3562 253 hatte aber nicht Zeit zum Sammeln. Die Unterlagerung

449 2216 3562 222 durch rezente Muscheln war wohl ein Irrtum bei d. Ausreise.

481 2317 3509 266 Abfahrt erst gegen 5. Wundervolle Kulissen diese Berge.

708 2480 3215 259 9 Oct. Morgens Inselgruppen vulkanischer Natur etwa in

479 2679 3362 147 d. Straße Bab el Mambeb. Rötliche Dämmerung liegt

511 2760 3335 249 wie Dunst darauf u. doch ist die Luft klar. Starker

470 2915 3535 200 Verkehr in dieser Straße. Ich merke mit Verwunderung u.

504 3084 3504 229 Bedauern, daß weder der Abschied v. Afrika noch d. Heimkehr

502 3297 3544 168 mich irgendwie in Spannung od. Erregung versetzt. O mein

502 3366 1110 241 gräßliches Fischblut.

662 3507 3217 297 10 Oct. Morgens 6 Uhr ging ein Heizer absichtlich über

506 3666 3364 263 Bord, als er zum Dienst sollte. Es ist so heiß, daß ich auf

521 3834 3322 198 d. Frühstück verzichte, wie muß es im Heizraum sein,

525 4000 3522 152 wenn d. Furcht vor d. Leben größer werden kann als

539 4132 3324 254 d. Furcht vor d. Tod! Es wurde sofort gestoppt u. ein

508 4314 3247 265 Bot ausgesetzt, aber vergebens. Haifische? Unter d.
