<?xml version="1.0" encoding="UTF-8"?>
<alto xmlns:xsi="http://www.w3.org/2001/XMLSchema-instance"
      xmlns="http://www.loc.gov/standards/alto/ns-v2#"
      xmlns:page="http://schema.primaresearch.org/PAGE/gts/pagecontent/2013-07-15"
      xsi:schemaLocation="http://www.loc.gov/standards/alto/ns-v2# http://www.loc.gov/standards/alto/alto.xsd">
   <Description>
      <MeasurementUnit>pixel</MeasurementUnit>
      <OCRProcessing ID="IdOcr">
         <ocrProcessingStep>
            <processingDateTime>2021-02-02T09:49:10.79+01:00</processingDateTime>
            <processingSoftware>
               <softwareCreator>READ COOP</softwareCreator>
               <softwareName>Transkribus</softwareName>
            </processingSoftware>
         </ocrProcessingStep>
      </OCRProcessing>
   </Description>
   <Layout>
      <Page ID="Page1" PHYSICAL_IMG_NR="1" HEIGHT="5213" WIDTH="4260">
         <TopMargin HEIGHT="0" WIDTH="4260" VPOS="0" HPOS="0"/>
         <LeftMargin HEIGHT="5213" WIDTH="0" VPOS="0" HPOS="0"/>
         <RightMargin HEIGHT="5213" WIDTH="0" VPOS="0" HPOS="4260"/>
         <BottomMargin HEIGHT="0" WIDTH="4260" VPOS="5213" HPOS="0"/>
         <PrintSpace HEIGHT="5213" WIDTH="4260" VPOS="0" HPOS="0">
            <TextBlock ID="r8" HEIGHT="4302" WIDTH="3691" VPOS="257" HPOS="307">
               <Shape>
                  <Polygon POINTS="307,257 307,4559 3998,4559 3998,257"/>
               </Shape>
               <TextLine ID="r8l1"
                         BASELINE="364"
                         HEIGHT="126"
                         WIDTH="199"
                         VPOS="238"
                         HPOS="3707">
                  <String ID="string_r8l1"
                          HEIGHT="126"
                          WIDTH="199"
                          VPOS="238"
                          HPOS="3707"
                          CONTENT="37"/>
               </TextLine>
               <TextLine ID="r8l2"
                         BASELINE="811"
                         HEIGHT="275"
                         WIDTH="3298"
                         VPOS="536"
                         HPOS="300">
                  <String ID="string_r8l2"
                          HEIGHT="275"
                          WIDTH="3298"
                          VPOS="536"
                          HPOS="300"
                          CONTENT="bereits am Tage nach d. Abreise sich zu melden."/>
               </TextLine>
               <TextLine ID="r8l3"
                         BASELINE="987"
                         HEIGHT="250"
                         WIDTH="2190"
                         VPOS="737"
                         HPOS="417">
                  <String ID="string_r8l3"
                          HEIGHT="250"
                          WIDTH="2190"
                          VPOS="737"
                          HPOS="417"
                          CONTENT="5 Oct. Kurz vor 12 Äquator passiert."/>
               </TextLine>
               <TextLine ID="line_1582815016299_662"
                         BASELINE="1148"
                         HEIGHT="251"
                         WIDTH="3536"
                         VPOS="897"
                         HPOS="401">
                  <String ID="string_line_1582815016299_662"
                          HEIGHT="251"
                          WIDTH="3536"
                          VPOS="897"
                          HPOS="401"
                          CONTENT="6 Oct. Gelesen: Lily Braun „Memoiren einer Sozialistin“."/>
               </TextLine>
               <TextLine ID="r8l6"
                         BASELINE="1267"
                         HEIGHT="231"
                         WIDTH="3504"
                         VPOS="1036"
                         HPOS="321">
                  <String ID="string_r8l6"
                          HEIGHT="231"
                          WIDTH="3504"
                          VPOS="1036"
                          HPOS="321"
                          CONTENT="Hatte mir mehr darunter vorgestellt. Aber wieder ein„"/>
               </TextLine>
               <TextLine ID="r8l7"
                         BASELINE="1429"
                         HEIGHT="256"
                         WIDTH="3616"
                         VPOS="1173"
                         HPOS="352">
                  <String ID="string_r8l7"
                          HEIGHT="256"
                          WIDTH="3616"
                          VPOS="1173"
                          HPOS="352"
                          CONTENT="mal ein Blick in die edle Seite dieses Ringens, wofür"/>
               </TextLine>
               <TextLine ID="r8l8"
                         BASELINE="1571"
                         HEIGHT="252"
                         WIDTH="2549"
                         VPOS="1319"
                         HPOS="337">
                  <String ID="string_r8l8"
                          HEIGHT="252"
                          WIDTH="2549"
                          VPOS="1319"
                          HPOS="337"
                          CONTENT="mir Mama Verständnis erweckt hat."/>
               </TextLine>
               <TextLine ID="r8l9"
                         BASELINE="1636"
                         HEIGHT="165"
                         WIDTH="3441"
                         VPOS="1471"
                         HPOS="433">
                  <String ID="string_r8l9"
                          HEIGHT="165"
                          WIDTH="3441"
                          VPOS="1471"
                          HPOS="433"
                          CONTENT="Wie man hier im Ozean lebt, den vor 30 Jahren"/>
               </TextLine>
               <TextLine ID="r8l10"
                         BASELINE="1838"
                         HEIGHT="237"
                         WIDTH="3119"
                         VPOS="1601"
                         HPOS="336">
                  <String ID="string_r8l10"
                          HEIGHT="237"
                          WIDTH="3119"
                          VPOS="1601"
                          HPOS="336"
                          CONTENT="kaum ein Schiff befuhr: abends Schach im Kaffee!"/>
               </TextLine>
               <TextLine ID="r8l11"
                         BASELINE="1959"
                         HEIGHT="193"
                         WIDTH="3581"
                         VPOS="1766"
                         HPOS="410">
                  <String ID="string_r8l11"
                          HEIGHT="193"
                          WIDTH="3581"
                          VPOS="1766"
                          HPOS="410"
                          CONTENT="7 Oct. Morgens Kap Guardafui. Noch eine Küste, an der richtige"/>
               </TextLine>
               <TextLine ID="r8l12"
                         BASELINE="2069"
                         HEIGHT="188"
                         WIDTH="3442"
                         VPOS="1881"
                         HPOS="344">
                  <String ID="string_r8l12"
                          HEIGHT="188"
                          WIDTH="3442"
                          VPOS="1881"
                          HPOS="344"
                          CONTENT="Wilde leben. Delphine, Haie. O könnte man all das"/>
               </TextLine>
               <TextLine ID="r8l13"
                         BASELINE="2227"
                         HEIGHT="211"
                         WIDTH="3450"
                         VPOS="2016"
                         HPOS="390">
                  <String ID="string_r8l13"
                          HEIGHT="211"
                          WIDTH="3450"
                          VPOS="2016"
                          HPOS="390"
                          CONTENT="Tierleben beobachten, über das wir hinschweben."/>
               </TextLine>
               <TextLine ID="line_1582815026072_667"
                         BASELINE="2401"
                         HEIGHT="208"
                         WIDTH="3352"
                         VPOS="2193"
                         HPOS="394">
                  <String ID="string_line_1582815026072_667"
                          HEIGHT="208"
                          WIDTH="3352"
                          VPOS="2193"
                          HPOS="394"
                          CONTENT="Gestern abend 11 Uhr, als ich schon schlief, passierten wir den"/>
               </TextLine>
               <TextLine ID="r8l17"
                         BASELINE="2526"
                         HEIGHT="169"
                         WIDTH="3420"
                         VPOS="2357"
                         HPOS="389">
                  <String ID="string_r8l17"
                          HEIGHT="169"
                          WIDTH="3420"
                          VPOS="2357"
                          HPOS="389"
                          CONTENT="„General“ auf d. Ausreise. An Bord Sattler, Dr. Wolff m. Frau"/>
               </TextLine>
               <TextLine ID="r8l18"
                         BASELINE="2637"
                         HEIGHT="144"
                         WIDTH="3557"
                         VPOS="2493"
                         HPOS="393">
                  <String ID="string_r8l18"
                          HEIGHT="144"
                          WIDTH="3557"
                          VPOS="2493"
                          HPOS="393"
                          CONTENT="u. Horwitz als Schiffsarzt. Hatte m. Sattler drahtlose Telegramme"/>
               </TextLine>
               <TextLine ID="r8l19"
                         BASELINE="2830"
                         HEIGHT="175"
                         WIDTH="3509"
                         VPOS="2655"
                         HPOS="425">
                  <String ID="string_r8l19"
                          HEIGHT="175"
                          WIDTH="3509"
                          VPOS="2655"
                          HPOS="425"
                          CONTENT="gewechselt, Verbindung seit vorgestern abend, als General im"/>
               </TextLine>
               <TextLine ID="r8l20"
                         BASELINE="2955"
                         HEIGHT="162"
                         WIDTH="3589"
                         VPOS="2793"
                         HPOS="400">
                  <String ID="string_r8l20"
                          HEIGHT="162"
                          WIDTH="3589"
                          VPOS="2793"
                          HPOS="400"
                          CONTENT="Suez lag. Dann zeitweilig unterbrochen, während er unter"/>
               </TextLine>
               <TextLine ID="r8l21"
                         BASELINE="3095"
                         HEIGHT="175"
                         WIDTH="3468"
                         VPOS="2920"
                         HPOS="412">
                  <String ID="string_r8l21"
                          HEIGHT="175"
                          WIDTH="3468"
                          VPOS="2920"
                          HPOS="412"
                          CONTENT="der Nordküste des Kaps hinfuhr. Ließ mir Anlage zeigen."/>
               </TextLine>
               <TextLine ID="r8l22"
                         BASELINE="3267"
                         HEIGHT="231"
                         WIDTH="1754"
                         VPOS="3036"
                         HPOS="419">
                  <String ID="string_r8l22"
                          HEIGHT="231"
                          WIDTH="1754"
                          VPOS="3036"
                          HPOS="419"
                          CONTENT="Morgens ein wenig Regen."/>
               </TextLine>
               <TextLine ID="r8l23"
                         BASELINE="3417"
                         HEIGHT="242"
                         WIDTH="3599"
                         VPOS="3175"
                         HPOS="424">
                  <String ID="string_r8l23"
                          HEIGHT="242"
                          WIDTH="3599"
                          VPOS="3175"
                          HPOS="424"
                          CONTENT="Sonntag d. 8 Oct. Morgens Aden in Sicht, sowie 2 Dampfer,"/>
               </TextLine>
               <TextLine ID="r8l24"
                         BASELINE="3547"
                         HEIGHT="158"
                         WIDTH="3312"
                         VPOS="3389"
                         HPOS="334">
                  <String ID="string_r8l24"
                          HEIGHT="158"
                          WIDTH="3312"
                          VPOS="3389"
                          HPOS="334"
                          CONTENT="darunter ein Bremer Lloyd, der sich schon gestern drahtlos"/>
               </TextLine>
               <TextLine ID="r8l25"
                         BASELINE="3738"
                         HEIGHT="252"
                         WIDTH="3599"
                         VPOS="3486"
                         HPOS="364">
                  <String ID="string_r8l25"
                          HEIGHT="252"
                          WIDTH="3599"
                          VPOS="3486"
                          HPOS="364"
                          CONTENT="gemeldet hatte, der andre d. kl. Kreuzer „Geyer“, der nach Mada-"/>
               </TextLine>
               <TextLine ID="r8l26"
                         BASELINE="3884"
                         HEIGHT="193"
                         WIDTH="3508"
                         VPOS="3691"
                         HPOS="405">
                  <String ID="string_r8l26"
                          HEIGHT="193"
                          WIDTH="3508"
                          VPOS="3691"
                          HPOS="405"
                          CONTENT="gaskar fahren sollte u. nun plötzlich hier auftaucht, nach offen„"/>
               </TextLine>
               <TextLine ID="r8l27"
                         BASELINE="4048"
                         HEIGHT="264"
                         WIDTH="3445"
                         VPOS="3784"
                         HPOS="361">
                  <String ID="string_r8l27"
                          HEIGHT="264"
                          WIDTH="3445"
                          VPOS="3784"
                          HPOS="361"
                          CONTENT="bar starker Fahrt, da er bei unsrer Abreise im Daressal."/>
               </TextLine>
               <TextLine ID="r8l28"
                         BASELINE="4155"
                         HEIGHT="203"
                         WIDTH="3634"
                         VPOS="3952"
                         HPOS="317">
                  <String ID="string_r8l28"
                          HEIGHT="203"
                          WIDTH="3634"
                          VPOS="3952"
                          HPOS="317"
                          CONTENT="Hafen lag. Allerlei Gerüchte. So liefen 3 deutsche Dampfer im"/>
               </TextLine>
               <TextLine ID="r8l29"
                         BASELINE="4330"
                         HEIGHT="188"
                         WIDTH="3557"
                         VPOS="4142"
                         HPOS="286">
                  <String ID="string_r8l29"
                          HEIGHT="188"
                          WIDTH="3557"
                          VPOS="4142"
                          HPOS="286"
                          CONTENT="Hafen ein. Aufenthalt nur von 11-3, daher unter Verzicht des"/>
               </TextLine>
               <TextLine ID="r8l30"
                         BASELINE="4440"
                         HEIGHT="152"
                         WIDTH="3589"
                         VPOS="4288"
                         HPOS="318">
                  <String ID="string_r8l30"
                          HEIGHT="152"
                          WIDTH="3589"
                          VPOS="4288"
                          HPOS="318"
                          CONTENT="Mittagsessens mit einem Hrn. von Bord an Land u. zu d."/>
               </TextLine>
               <TextLine ID="r8l31"
                         BASELINE="4624"
                         HEIGHT="221"
                         WIDTH="3504"
                         VPOS="4403"
                         HPOS="335">
                  <String ID="string_r8l31"
                          HEIGHT="221"
                          WIDTH="3504"
                          VPOS="4403"
                          HPOS="335"
                          CONTENT="alten Wasserstauwerken bei d. Stadt nördl. v. Hafenort"/>
               </TextLine>
            </TextBlock>
         </PrintSpace>
      </Page>
   </Layout>
</alto>
