4260 5213
3638 221 210 173 47

274 530 3654 254 pis pour moi! Ob ich den Monumentalkirchhof schon besucht hätte? Noch nicht.

267 704 3761 192 Ob es mir recht sei, wenn er mitkäme? Ich müsse erst zu Cook, Geldwechseln

289 861 3770 146 u. s. w. u. wolle ihn nicht aufhalten. Er zeigte mir ein gutes nahe gelegenes

275 927 3653 155 Wechselgeschäft, dann fuhren wir zusammen in d. Elektrischen zum Kirchhof.

288 1064 3620 190 Er wollte einen Führer nehmen, ich ließ mich beschwatzen, Kostenpunkt

313 1229 3546 150 laut Baedecker 1,50 Lre über meine Verhältnisse bei solchem Ergebnis.

329 1337 3574 130 Nachher wollte er Kaffee trinken, ich lehnte ab, wollte das „Abend„

337 1424 3612 215 mahl besichtigen. Er wolle auch dorthin, müsse aber austreten, ich möchte

340 1548 3509 229 doch einen Augenblick in einem Kafe Platz nehmen. Dort mischte sich in

348 1719 3551 176 unsere Unterhaltung ein andrer Landsmann ein, Kaufmann Jansen

364 1869 3537 172 aus Köln (Konserven für holländer Firma), der erste war Ingenieur Meyer

355 1952 3523 202 für Kalkutta. Wir verließen das Lokal zu dritt. Es war nun am

356 2086 3682 193 frühen Nachmittag schon zu finster für Bilderbesichtigung, das trübselige

346 2182 3430 220 Hotelsitzen u. Zeitungslesen zum Zeitvertreib ist mir auf der

362 2370 3314 180 Reise doppelt unsympathisch, deshalb ging ich gern in einen

399 2403 3500 262 kleinen echt-italienischen Weinkeller. Der Ingenieur erzählte von

394 2621 3509 195 seinen Reisen, auch Mte Carlo, der Kaufmann wollte dorthin u.

383 2694 3556 217 ließ sich die verschiedenen Spiele u. Klubs erklären. Ein Karten„

353 2834 3468 252 spiel ließ er sich vormachen (rouge et noir). Wollen wir's mal

358 2965 3542 226 probieren? Es war mir langweilig, aber ich fand wieder das

392 3112 3444 174 Nein nicht. Preis die gemeinsame Weinkanne. Das war mir

384 3232 3505 190 lieb, um mich von Fremden nicht einladen zu lassen. Es war

362 3380 3462 208 schon gegeben, da warf der Kaufmann hin „ein kleiner Anreiz

397 3548 3407 140 muß doch sein“. Und binnen nicht allzulanger Zeit hatte ich

396 3615 3672 222 mittels Streichhölzer zu meinem Entsetzen 300 M. verloren, meine

418 3811 3565 155 ganze Habe. Ich mußte den Kaufmann sogar für heut anpumpen

422 3907 3462 163 u. wollte ihn morgen in Lugano - auch dort diese Gesellschaft? -

418 3983 3520 172 wieder treffen. Keinen Augenblick kam mir ein Zweifel an der

412 4127 3370 132 Gentleman-Natur der Beiden, wieder ein böses Zeichen für

443 4278 3472 133 meinen Mangel an Lebensschliff, ich gab sogar meine Visitenkarte.

433 4373 3523 187 Ich wüßte auch nicht, wie Betrug durch Kartenzeichnen möglich gewe„

435 4470 3565 237 sen wäre, erst die spätere Erfahrung ließ die Ahnung dämmern,
