4260 5213
3698 199 211 159 31

299 489 3686 283 Leuten mit höchst erwünschtem Soda eingetroffen. Die Leute

281 653 3617 266 waren mit Lasten von Migerigeri 4 Std. bis Makangaga

252 818 3519 279 u. ebenso v. dort die 6 Std. hinter uns her gegangen.

263 1034 3626 218 Der Jumbe scheint willig u. wird Leute in's Lager schicken,

286 1171 2037 211 meine Knochenlasten zu holen.

407 1339 3379 174 19. Sept. Morgens noch im Dunkeln fort, um den Leuten

289 1455 3723 160 etwas zu schießen. Kudu's hatte ich aufgegeben, da Spuren

284 1581 3732 173 nicht zu sehen, u. nach Angabe des Führers fast nur noch

209 1718 3621 194 Weibchen vorhanden. Höchste Zeit, daß es geschont wird.

254 1902 3658 138 Schickte die Träger eine Strecke am Wege voraus, ließ sie

292 2040 3439 214 auf einer Höhe warten u. machte einen großen

252 2125 3770 219 Bogen nach Westen. Auffallenderweise wieder nichts, erst

267 2305 3523 242 nach Sonnenaufgang flüchtig einige ngorombwe's. Dann

287 2446 3482 235 Perlhühner. Endlich wurde mir unten vor uns in

292 2568 3724 226 bewachsenem Tal ein Buschbock gezeigt. Es dauerte lange,

272 2816 3584 176 bis ich ihn deutlich genug sah, um schießen zu können.

271 2868 3756 245 Er verschwand, stand aber schon wieder da u. äugte. Beim

291 3052 3612 220 2ten Schuß stürzte er vorwärts u. fiel. Als wir ihn

277 3202 3440 222 gefunden hatten, erklärten meine Begleiter, es

285 3365 3566 216 seien 2 gewesen u. ich hätte auch d. ersten getroffen.

296 3525 3640 171 Schwer angeschossen scheuchten wir ihn im Grase auf u. erst

316 3657 3686 187 nach schwieriger Verfolgung lag er mit einem Schuß quer

305 3773 3458 253 durch die Brust; auch d. Schwarzen staunten, daß ein

331 3900 3652 269 Tier damit noch fliehen kann. Es waren 2 junge Männ„

317 4056 3599 229 chen. Ich beorderte 4 Träger, deren Lasten einstweilen

336 4231 3552 194 beim Jumben zurück blieben. Nun auf miserablem

254 4382 3775 207 Wege immer nach N, statt auf diesem ebenen Gelände
