4260 5213
3664 219 230 189 29

296 608 3662 204 bekommen, ich konnte es durch viele kleine Bäume u. Bambus trotz des

289 712 3683 179 Steppencharakters nur zuweilen sehen, geschweige denn Schießen. Zum

322 851 3642 189 Glück konnte es nicht sofort abgehen, weil eben auf der andern

325 1002 3725 150 Seite eine Wangoni-Safari mit Hörnerblasen hörbar wurde. Ich wagte

324 1166 3634 196 deshalb andrerseits auch nicht zu schießen, wenn d. Tier durch eine

339 1270 3657 186 Lücke sichtbar wurde. Jetzt waren's zwei, dann scheinbar drei, sie

333 1424 3634 173 trabten ungewiß hin u. her. Endlich legte ich knieend an wieder

371 1550 3637 195 mit 200 m.-Visier u. Stecher. Durch eine schwache Lücke hindurch schoß

369 1710 3615 215 ich u. war wieder üb. d. prompte Wirkung erstaunt, es kam

403 1896 3597 177 kaum noch vom Fleck, dann war es erledigt. 1 m. zu hoch zu

389 2012 3689 255 schießen hätte den Wangoni gefährlich werden können u. es war

396 2165 3633 232 vielleicht Leichtsinn, aber soweit sicher fühle ich mich doch auch

418 2280 3569 222 bei dieser Entfernung, im allgemeinen schieße ich eher zu

381 2459 3541 175 tief. Mich freut's den Leuten noch diesen Abschiedsschmaus

430 2605 3104 197 bereiten zu können. Es war ein starkes Männchen.

610 2769 3215 217 Am Graben kommen mir d. Praeparatoren mit dem

400 2904 3431 167 Angebot zuvor heut bis Abend durchzuarbeiten u. auf d.

390 3059 3436 148 morgigen Sonntag zu verzichten, um nicht allein zurück„

386 3166 3463 217 bleiben zu müssen. Ich versprach natürlich die Überstunden zu

388 3369 3628 176 bezahlen, sandte ihnen aber außerdem unangekündigt mittags

387 3495 3578 247 ein Reisgericht u. frisches Fleisch. Die größte Freude bei derglei„

387 3673 2898 227 chen empfinde ich glaube ich selbst. Poscho.

609 3873 3417 149 Abends etwas zum Jesus. Täglich im Kant gelesen, aber auch

453 3949 3515 166 viel Müßigkeit. Endlich kommen Träger — 13 Mann! Und

466 4084 2603 247 einige 40 Lasten sind schon jetzt überzählig.

609 4222 3078 269 Sonntag d. 17. Sept: Auch mit Überstunden wird der

535 4395 3299 275 Graben noch nicht ganz erledigt, aber ich kann doch nun
