4260 5213
279 186 205 232 34

401 531 3447 267 25. Sept. Vorm. Ankunft des Dampfers. Fahre m. Hrn. Schirmer

403 728 3491 221 an Bord. Nachrichten etwas beunruhigender Art: Deutschland-

399 844 3442 208 Frankreich wegen Marokko-Verhandlungen sehr gespannt,

405 1080 3556 154 Deutschland habe 400 000 Mann Reserven einberufen (dazu gehört

408 1133 3478 204 Bruno, wie ich weiß!), ein Inder in Daressalaam soll sogar

448 1257 3105 242 Telegramm von d. Mobilmachung erhalten haben.

548 1438 3130 200 Ali u. Koch Mohamed fahren nach Lindi, ersterer

381 1497 3532 291 kommt an Bord wieder, um mich bis Daressalaam zu

378 1715 514 228 bringen.

457 1797 3398 266 26 fertig gepackt, Kisten vernagelt, in Zoll gebracht,

360 2012 828 177 dito Gehörne.

332 2099 3503 292 27 Sept. Früh mit 2 Mann auf Ssingino u. an d. Barra„

405 2240 3435 247 barra bis zu den Nummuliten. Recht weit u. heiß.

406 2388 3372 304 Am Ssingino Steilhang gefunden, bestehend aus dem

374 2577 3428 210 bunten (weiß- rot gefleckten) Sandstein vom Maliwe,

400 2677 3433 211 mit Oberflächendecke von Eisenkrusten u. Newala-Sdst.-

420 2846 3477 195 artigen Bildungen. Darunter Ton wassertragend. Also die

381 2953 3420 171 Decke auf d. Saurierschichten doch nicht Kreide, da auch

392 3105 3557 176 Nummuliten offenbar überlagernd. Mikindani-Trans„

390 3219 3455 222 gression??? Auf d. Rückweg ngoma von Weibern, die

394 3388 3464 231 z. T. „wazimu“ waren u. weiß „verschmierte Gesichter u. rote

439 3508 3543 250 Tuchgürtel hatten. Die „dawa“ aber etwas zweifelhaft, denn

442 3645 3517 208 während meiner Anwesenheit wurden weitere

452 3793 3478 232 Tänzerinnen befallen, eine sank den Umstehenden

459 3939 3284 256 in d. Arme, eine Andere lief davon u. wurde von

456 4092 3340 206 Männern mit Gewalt eingefangen. Unter den

483 4263 3518 260 Zuschauern Araber mit prachtvollen Schwertdolchen. Fragte

395 4407 2151 241 einen nach d. Preise: 90 Rps!

668 4558 3277 195 Inzwischen 2 andere Praeparatoren an d. Straße
