4260 5213
350 225 244 219 16

506 389 3284 236 21. Aug. Morgens nach Muazi, wo dicht nördlich an d. Barrabarra eine

357 632 3477 168 Reihe Knochenstellen gesehen sind. Es ist hier schon 3mal gebrannt, aber

391 679 3587 255 es schafft nichts. An 2 Stellen könnte man möglichenfalls später graben

380 875 3419 217 lassen, alles andre aussichtslos. Höre mit Erstaunen, daß die an sich

413 989 3455 222 mir kaum verständliche Quelle von Muazi früher erheblicher reicher ge„

397 1190 3482 185 wesen sei. Ein Araber habe an den ganzen Hang Zuckerrohr gepflanzt.

402 1297 3350 221 O was hat der Aufstand alles zerstört! War recht müde u. mußte

405 1463 3562 156 zuweilen ausruhen. Außerdem sonnig, so daß wieder gebrannt werden

446 1602 350 176 konnte.

422 1679 531 296 22. Aug.

922 1647 1029 188 Morgens Löwen am Wasserloch

910 1786 2945 183 Halswirbelsäule gezeichnet. Aufsatz üb. Landschaftsformen u. ihre

400 1915 3494 232 Entstehung (Lindi-Kilwa) zum dritten Male begonnen. Am Graben gezeichnet u.

3625 1958 393 162 photographiert.

438 2073 3344 193 23. Aug. Schoß morgens nahe beim Lager ein schönes Riedbock-

399 2191 3447 193 Männchen. Die Haare des Schweifs bewegten sich noch eine Weile nach

434 2310 3357 218 dem Tode; das ist nach Aussage meines Führers ein Zeichen,

430 2527 3392 169 daß man an dem Tage noch mehr erbeuten wird. Ging aber

441 2592 3419 273 zum Graben, wo jetzt 12 Halswirbel im Zusammenhang frei„

451 2757 3371 208 liegen. Regen. Ankunft unsres „Jumbe“ Saidi b. Ali vom

414 2916 2654 260 Tendaguru, habe aber keine Beschäftigung für ihn.

659 3005 3195 294 Fieber, mußte mich nachm. zu Bett legen. Nur 39,2° u.

479 3212 1174 226 in d. Nacht aufhörend.

577 3353 3244 253 24. Aug. Blieb des feuchtkalten, regnerischen Morgens wegen bis 11

469 3495 2633 238 im Bett, nachm im Liegestuhl. Noch Kopfschmerzen.

569 3653 3398 181 25. Aug. Wartete ab bis Regen u. Wolken vorbei waren u. ging dann

470 3795 3534 245 zum Graben, regnete aber doch tüchtig ein. Noch nicht auf dem Posten.

586 3933 3199 190 26. Aug. Auch heut wieder etwas Regen. Poscho-Zahlung. Nicht am

510 4062 2224 267 Graben. Aufsatz (vorläufig) über Landschaftsformen.

494 4187 3283 286 Sonntag d. 27. Aug. Möchte den Leuten so gern mal wieder

468 4387 3534 233 ein Stück Fleisch schießen, aber gestern abend und heut (nahe Naluë)
