4260 5213
3732 197 245 201 17

336 356 3297 337 allerhand gesehen, ohne auch nur zu Schuß zu kommen. Jesus.

604 599 840 265 Landschaftsformen.

485 777 3375 266 28. Aug. Vorm. nach Muazi, wo neuer Knochenfund gemeldet war,

395 951 3581 264 aber unbrauchbar u. viel Gras, natürlich bedeckt, so daß an brennen nicht

389 1076 3694 267 zu denken war. Auch keine Möglichkeit dem von Kudu's angeblichen besetzten

434 1231 1740 236 Teil des Pori näher zu kommen.

527 1390 3243 181 Fand zu Haus Nachricht von Janensch vor, daß unser Geld nahezu

438 1534 3553 229 erschöpft ist u. wir abrüsten müssen, ich vor allem. Bin sehr überrascht

451 1692 3334 212 aber auch erfreut, denn ich versitze hier in Afrika zuviel Zeit von

449 1816 3567 196 meinen besten Jahren u. zumal in Makangaga ohne landschaftl. Reize

441 1986 3531 248 sah ich der heißen Zeit mit gemischten Gefühlen entgegen, während

468 2109 3460 256 ich zu Haus schon weiß, was ich anzustellen haben werde. Ich

449 2288 3281 222 muß dann auch versuchen eine zweite Kustosstelle an unserm

432 2431 1382 264 Museum herauszuschlagen.

563 2533 3367 257 29. Aug. Gehe mit Macht an d. Abheben der Halswirbelsäule. Wäre

415 2723 3583 279 sie nicht, so ginge es stracks nach Kilwa u. Europa. Nochmals gezeichnet.

461 2888 3563 198 Aufsatz üb. Landschaftsformen flüchtig fertig gestellt, um ihn Janensch u.

446 3089 2423 199 Staff als Basis einer Diskussion zuzusenden.

451 3201 3625 173 30. Aug. Begonnen Knochen zu verpacken. Telegramm für Mama

436 3355 2992 223 nach Kilwa geschickt, um noch persönliches Geld zu erhalten.

522 3565 3466 162 Aus Kilwa Zeitungen erhalten. Kleines Feuer, dem auch Tuch u. etw. Getreide

3347 3427 679 176 zum Opfer fällt.

502 3643 3375 168 31. Aug. Morgens in Dalakasha-Gegend, um ein Gnu, auf alle

427 3789 3567 182 Fälle aber Fleisch für d. Leute zu schießen. Bekam nur ein

414 3963 3494 186 Riedbock-Weibchen. Schieße in letzten Tagen schlecht, sehe aber

451 4078 2878 240 auch wenig. Mittags zum Graben. Lohnzahlung.

553 4242 3093 184 1. Sept. Morgens durch's Pori, nichts gesehen, zum Graben.

441 4401 3270 196 Landwind ziemlich kräftig, wie öfters in letzter Zeit, dazu heut

470 4502 3438 229 ganz wolkenlos, aber rötlich-dunstige Luft. In letzter Nacht heftiger

417 4657 1697 180 Wind. 4 Knochenlasten nach Kilwa

650 4744 3266 242 Erfahre, daß Telegr. nicht abgegangen, da Leitung durch Elephanten zerstört.
