4260 5213
3749 174 208 212 35

303 566 3709 243 nach Kilwa-Kissiwani gesammelt, auch einige Fossilien

308 774 3671 160 in andersartigem Gestein; Kreide? Die Nummuliten etwa

313 941 3630 190 nur Ablagerung in einer Bucht von Norden u. nicht von

314 1026 3717 207 d. bunten Sandst. überlagert? Seeküh-Skelette besichtigt. Auf. Boma.

465 1200 3548 168 28. Sept. Morgens Dampfer zurück, an Bord, er bleibt aber

323 1325 3529 220 wegen großer Baumwollladung 28 Stunden auf d. Rheede,

350 1453 3667 243 daher nochmals an Land. Abschied von meinen Leuten, die

373 1611 3695 203 sämtlich zum Strande kamen u. morgen früh abmarschieren

333 1767 1657 215 wollen zum Tendaguru.

515 1901 3423 186 30. 29 Sept. Dampfer erst nachm. ab. Meine Leute war„

373 2038 3515 184 teten, wie ich hörte, bis er außer Sicht sei. Wollte

342 2238 3557 184 früh morgens im Einbaum zum Fischen mit auf ein

326 2379 3561 168 Korallenriff fahren, aber er ließ mich im Stich.

631 2483 3388 239 30. Sept. Morgens Bagamoyo, mittags Daressalaam,

367 2602 3630 252 wo noch 2 D. O. A. S.-Dampfer u. beide kleinen Kreu„

372 2796 3419 204 zer (Seeadler u. Geier). Beim Photographen Vincenti, im

363 2913 3580 205 Zeitungslokal Rechnungen bezahlt, Einkäufe besonders

389 3020 3667 252 in chinesischen Seiden für d. Angehörigen. Kann leider

376 3162 3648 273 mein Geld nicht wechseln, da Bank Sonnabends nachm.

400 3311 3527 226 auch an Dampfertagen (!) geschlossen. Nach d. Abendbrot

351 3499 3635 203 im Kaiserhof zum Konzert der Askari-Kapelle. Fand

369 3666 3694 189 sie heut wenig gut. Telegramm v. Ausbruch des italienisch-türk. Kriegs.

251 3820 3668 143 Sonntag 1. October: Morgens mit Tagesanbruch Abfahrt.

493 3924 3466 218 Stand früh auf u. nachm. Abschied. Schöner Sternenhim„

306 4100 2299 225 mal, der Orion grade im Zenith.

666 4133 3393 330 Mittags Zanzibar, nachm. 4 Uhr Tanga. Herr Voertmann

362 4380 3484 187 bis hierher an Bord, durch seine Liebenswürdigkeit

383 4493 3621 263 wurde mir hier mein Geld gewechselt. Bei Dunkel
