4260 5213
285 237 179 251 44

259 522 3707 265 War erstaunt sie so klein, die Straßen so eng, den Verkehr nicht

287 721 3564 179 reger zu finden im Zentrum einer Welt. Aber mit Freuden

304 851 3638 255 fühlte u. sah ich überall die persönliche Note dieses seltsamen

303 1023 3524 145 Stadtbildes und den Odem seiner Geschichte. Abends zum Korso

362 1169 3541 197 im Park bei Musik, ein prachtvoller Blick des heutigen Lupus,

384 1304 3350 198 der sich neben dem der Kaiserzeit nicht zu verstecken

349 1443 3578 208 braucht. Nirgend wie in dieser Stadt der Alten könnte ich

405 1596 1722 249 die Moderne so genießen.

591 1756 3271 177 Sonntag d. 22. Oct. Durch neue Straßen mit immer neuen

416 1900 3533 133 typischen Bildern nach St. Peter. Gottesdienst wenig berückend. Dann

423 2033 2404 235 zum Forum. Hier kam ich in eine selten

2802 2069 71 57 so

2827 2043 1087 211 gefühlte Genußstim„

445 2239 3455 132 mung, eigentlich wider Erwarten. Leider zum ersten Male

435 2322 3436 193 keine Sonne (Brief an Mama). Dennoch prachtvolle Bilder, so

427 2539 3491 176 daß ich am liebsten längere Zeit zum Malen hiergeblieben

443 2673 3514 201 wäre. Abends wieder zum Korso. Mich freut herzlich

461 2844 3509 150 wieder der Anblick der Europäerinnen, den ich in Kilwa schon

464 2970 3294 193 zu vermissen begann. Leider so lange Abende, die den Tag

492 3098 444 209 kürzen!

636 3267 3294 187 23. Oct. Morgens Droschke zum Tor nach 5. Zu Fuß die Via Appia ent„

478 3365 3436 189 lang, etwas enttäuscht durch Entfernung und Mauereinfriedi„

476 3536 3550 217 gungen, aber entschädigt durch Blick in die Campagna. Recht warm.

455 3689 3523 203 Zu Fuß bis St. Peter zurück. Im Vatican: Loggien u. Stanzen von Raffael,

451 3832 3545 201 Sixtinische Kapelle, Landkartenzimmer. Eine Unsumme von Können ist

460 3960 3437 231 hier konzentriert durch den Reichtum. Mich verblüffte vor allem die

436 4088 3564 252 Plastik der Deckenmalerei und die unerschöpfliche Erfindungskraft,

501 4293 3336 182 die sich mit der Anregung der dürftigen heiligen Schrift und der

212 4366 2681 268 griechischen Überlieferung genügen läßt.

742 4494 3134 286 Dann zum Hotel und zur Bahn: Fahrt nach Florenz. Wie
