<?xml version="1.0" encoding="UTF-8"?>
<alto xmlns:xsi="http://www.w3.org/2001/XMLSchema-instance"
      xmlns="http://www.loc.gov/standards/alto/ns-v2#"
      xmlns:page="http://schema.primaresearch.org/PAGE/gts/pagecontent/2013-07-15"
      xsi:schemaLocation="http://www.loc.gov/standards/alto/ns-v2# http://www.loc.gov/standards/alto/alto.xsd">
   <Description>
      <MeasurementUnit>pixel</MeasurementUnit>
      <OCRProcessing ID="IdOcr">
         <ocrProcessingStep>
            <processingDateTime>2021-02-02T09:49:17.208+01:00</processingDateTime>
            <processingSoftware>
               <softwareCreator>READ COOP</softwareCreator>
               <softwareName>Transkribus</softwareName>
            </processingSoftware>
         </ocrProcessingStep>
      </OCRProcessing>
   </Description>
   <Layout>
      <Page ID="Page1" PHYSICAL_IMG_NR="1" HEIGHT="5213" WIDTH="4260">
         <TopMargin HEIGHT="0" WIDTH="4260" VPOS="0" HPOS="0"/>
         <LeftMargin HEIGHT="5213" WIDTH="0" VPOS="0" HPOS="0"/>
         <RightMargin HEIGHT="5213" WIDTH="0" VPOS="0" HPOS="4260"/>
         <BottomMargin HEIGHT="0" WIDTH="4260" VPOS="5213" HPOS="0"/>
         <PrintSpace HEIGHT="5213" WIDTH="4260" VPOS="0" HPOS="0">
            <TextBlock ID="r1" HEIGHT="4288" WIDTH="3639" VPOS="270" HPOS="368">
               <Shape>
                  <Polygon POINTS="368,270 368,4558 4007,4558 4007,270"/>
               </Shape>
               <TextLine ID="r1l1"
                         BASELINE="393"
                         HEIGHT="192"
                         WIDTH="192"
                         VPOS="201"
                         HPOS="340">
                  <String ID="string_r1l1"
                          HEIGHT="192"
                          WIDTH="192"
                          VPOS="201"
                          HPOS="340"
                          CONTENT="58"/>
               </TextLine>
               <TextLine ID="r1l2"
                         BASELINE="815"
                         HEIGHT="213"
                         WIDTH="3386"
                         VPOS="602"
                         HPOS="504">
                  <String ID="string_r1l2"
                          HEIGHT="213"
                          WIDTH="3386"
                          VPOS="602"
                          HPOS="504"
                          CONTENT="22. Dez. Einkäufe gemacht, obwohl das meiste noch von der"/>
               </TextLine>
               <TextLine ID="r1l3"
                         BASELINE="940"
                         HEIGHT="232"
                         WIDTH="1043"
                         VPOS="708"
                         HPOS="772">
                  <String ID="string_r1l3"
                          HEIGHT="232"
                          WIDTH="1043"
                          VPOS="708"
                          HPOS="772"
                          CONTENT="Reise mitgebracht."/>
               </TextLine>
               <TextLine ID="r1l4"
                         BASELINE="1103"
                         HEIGHT="281"
                         WIDTH="3576"
                         VPOS="822"
                         HPOS="427">
                  <String ID="string_r1l4"
                          HEIGHT="281"
                          WIDTH="3576"
                          VPOS="822"
                          HPOS="427"
                          CONTENT="23. Abends mit Bruno u. Bekannten im Kafe des Westens."/>
               </TextLine>
               <TextLine ID="line_1582816146498_1026"
                         BASELINE="1360"
                         HEIGHT="300"
                         WIDTH="3271"
                         VPOS="1060"
                         HPOS="380">
                  <String ID="string_line_1582816146498_1026"
                          HEIGHT="300"
                          WIDTH="3271"
                          VPOS="1060"
                          HPOS="380"
                          CONTENT="Sonntag d. 24. Dez: Vormittag gemalt (Lutamba-See)"/>
               </TextLine>
               <TextLine ID="r1l7"
                         BASELINE="1619"
                         HEIGHT="247"
                         WIDTH="3135"
                         VPOS="1372"
                         HPOS="788">
                  <String ID="string_r1l7"
                          HEIGHT="247"
                          WIDTH="3135"
                          VPOS="1372"
                          HPOS="788"
                          CONTENT="Heiligabend! O schönes deutsches Fest in deutscher"/>
               </TextLine>
               <TextLine ID="r1l8"
                         BASELINE="1844"
                         HEIGHT="222"
                         WIDTH="3455"
                         VPOS="1622"
                         HPOS="500">
                  <String ID="string_r1l8"
                          HEIGHT="222"
                          WIDTH="3455"
                          VPOS="1622"
                          HPOS="500"
                          CONTENT="Heimat und im Schoße der Familie. Die 2 Tage 1909 u. 1910"/>
               </TextLine>
               <TextLine ID="r1l9"
                         BASELINE="1973"
                         HEIGHT="245"
                         WIDTH="3342"
                         VPOS="1728"
                         HPOS="449">
                  <String ID="string_r1l9"
                          HEIGHT="245"
                          WIDTH="3342"
                          VPOS="1728"
                          HPOS="449"
                          CONTENT="rechne ich als ewige Verluste. Nachm. bei Großmama, die"/>
               </TextLine>
               <TextLine ID="r1l10"
                         BASELINE="2077"
                         HEIGHT="181"
                         WIDTH="3427"
                         VPOS="1896"
                         HPOS="502">
                  <String ID="string_r1l10"
                          HEIGHT="181"
                          WIDTH="3427"
                          VPOS="1896"
                          HPOS="502"
                          CONTENT="leider ständig recht apathisch, wenn auch sonst körperlich wohl"/>
               </TextLine>
               <TextLine ID="r1l11"
                         BASELINE="2250"
                         HEIGHT="167"
                         WIDTH="3426"
                         VPOS="2083"
                         HPOS="509">
                  <String ID="string_r1l11"
                          HEIGHT="167"
                          WIDTH="3426"
                          VPOS="2083"
                          HPOS="509"
                          CONTENT="ist. Nachher Bescherung bei uns. Tante Lisbeth anwesend."/>
               </TextLine>
               <TextLine ID="line_1582816159706_1031"
                         BASELINE="2434"
                         HEIGHT="266"
                         WIDTH="3352"
                         VPOS="2168"
                         HPOS="527">
                  <String ID="string_line_1582816159706_1031"
                          HEIGHT="266"
                          WIDTH="3352"
                          VPOS="2168"
                          HPOS="527"
                          CONTENT="Schenkte Mama u. Erna Stoffe u. Decken u. s. w. als Reisean„"/>
               </TextLine>
               <TextLine ID="r1l14"
                         BASELINE="2502"
                         HEIGHT="183"
                         WIDTH="3307"
                         VPOS="2319"
                         HPOS="541">
                  <String ID="string_r1l14"
                          HEIGHT="183"
                          WIDTH="3307"
                          VPOS="2319"
                          HPOS="541"
                          CONTENT="denken. Erhielt von Bruno prächtige Amateur-Photographieen-"/>
               </TextLine>
               <TextLine ID="r1l15"
                         BASELINE="2651"
                         HEIGHT="170"
                         WIDTH="2833"
                         VPOS="2481"
                         HPOS="545">
                  <String ID="string_r1l15"
                          HEIGHT="170"
                          WIDTH="2833"
                          VPOS="2481"
                          HPOS="545"
                          CONTENT="Sammlung aus Italien. Fröhlich gespielt („Schnapp“)"/>
               </TextLine>
               <TextLine ID="r1l16"
                         BASELINE="2814"
                         HEIGHT="181"
                         WIDTH="3404"
                         VPOS="2633"
                         HPOS="588">
                  <String ID="string_r1l16"
                          HEIGHT="181"
                          WIDTH="3404"
                          VPOS="2633"
                          HPOS="588"
                          CONTENT="25. Dez. Meine Reise-Photographieen in neue Albums ein„"/>
               </TextLine>
               <TextLine ID="r1l17"
                         BASELINE="3013"
                         HEIGHT="223"
                         WIDTH="614"
                         VPOS="2790"
                         HPOS="560">
                  <String ID="string_r1l17"
                          HEIGHT="223"
                          WIDTH="614"
                          VPOS="2790"
                          HPOS="560"
                          CONTENT="geordnet."/>
               </TextLine>
               <TextLine ID="r1l18"
                         BASELINE="3120"
                         HEIGHT="229"
                         WIDTH="3064"
                         VPOS="2891"
                         HPOS="775">
                  <String ID="string_r1l18"
                          HEIGHT="229"
                          WIDTH="3064"
                          VPOS="2891"
                          HPOS="775"
                          CONTENT="Abend: Alle bei Richard u. Lisbeth in Friedenau."/>
               </TextLine>
               <TextLine ID="r1l19"
                         BASELINE="3277"
                         HEIGHT="195"
                         WIDTH="2592"
                         VPOS="3082"
                         HPOS="631">
                  <String ID="string_r1l19"
                          HEIGHT="195"
                          WIDTH="2592"
                          VPOS="3082"
                          HPOS="631"
                          CONTENT="26. Dez. Photographieen weiter geordnet."/>
               </TextLine>
               <TextLine ID="r1l20"
                         BASELINE="3431"
                         HEIGHT="194"
                         WIDTH="3290"
                         VPOS="3237"
                         HPOS="738">
                  <String ID="string_r1l20"
                          HEIGHT="194"
                          WIDTH="3290"
                          VPOS="3237"
                          HPOS="738"
                          CONTENT="Besuch bei Trendelenburg's gemacht. Eltern u. Schwestern"/>
               </TextLine>
               <TextLine ID="r1l21"
                         BASELINE="3622"
                         HEIGHT="256"
                         WIDTH="3047"
                         VPOS="3366"
                         HPOS="588">
                  <String ID="string_r1l21"
                          HEIGHT="256"
                          WIDTH="3047"
                          VPOS="3366"
                          HPOS="588"
                          CONTENT="nebst Heim kennen gelernt. Sie öffnete die Tür,"/>
               </TextLine>
               <TextLine ID="r1l22"
                         BASELINE="3739"
                         HEIGHT="186"
                         WIDTH="3250"
                         VPOS="3553"
                         HPOS="618">
                  <String ID="string_r1l22"
                          HEIGHT="186"
                          WIDTH="3250"
                          VPOS="3553"
                          HPOS="618"
                          CONTENT="sei's glückliche Vorbedeutung. Von der Treppe hatte ich"/>
               </TextLine>
               <TextLine ID="r1l23"
                         BASELINE="3802"
                         HEIGHT="164"
                         WIDTH="3126"
                         VPOS="3638"
                         HPOS="617">
                  <String ID="string_r1l23"
                          HEIGHT="164"
                          WIDTH="3126"
                          VPOS="3638"
                          HPOS="617"
                          CONTENT="reichlich lautes Lachen der Mädchen gehört, finde alle"/>
               </TextLine>
               <TextLine ID="r1l24"
                         BASELINE="3998"
                         HEIGHT="226"
                         WIDTH="3140"
                         VPOS="3772"
                         HPOS="622">
                  <String ID="string_r1l24"
                          HEIGHT="226"
                          WIDTH="3140"
                          VPOS="3772"
                          HPOS="622"
                          CONTENT="frisch und natürlich. Möchte gern hier ein und aus"/>
               </TextLine>
               <TextLine ID="r1l25"
                         BASELINE="4171"
                         HEIGHT="214"
                         WIDTH="3123"
                         VPOS="3957"
                         HPOS="624">
                  <String ID="string_r1l25"
                          HEIGHT="214"
                          WIDTH="3123"
                          VPOS="3957"
                          HPOS="624"
                          CONTENT="gehen. Die Schwestern gefallen mir freilich weniger, sie"/>
               </TextLine>
               <TextLine ID="r1l26"
                         BASELINE="4275"
                         HEIGHT="181"
                         WIDTH="998"
                         VPOS="4094"
                         HPOS="605">
                  <String ID="string_r1l26"
                          HEIGHT="181"
                          WIDTH="998"
                          VPOS="4094"
                          HPOS="605"
                          CONTENT="mir desto mehr."/>
               </TextLine>
               <TextLine ID="line_1582816177396_1038"
                         BASELINE="4470"
                         HEIGHT="301"
                         WIDTH="3183"
                         VPOS="4169"
                         HPOS="775">
                  <String ID="string_line_1582816177396_1038"
                          HEIGHT="301"
                          WIDTH="3183"
                          VPOS="4169"
                          HPOS="775"
                          CONTENT="Nachm. Pfennig's, die Tanten, Rich. u. Lisbeth nebst Kindern"/>
               </TextLine>
               <TextLine ID="r1l29"
                         BASELINE="4621"
                         HEIGHT="229"
                         WIDTH="1912"
                         VPOS="4392"
                         HPOS="628">
                  <String ID="string_r1l29"
                          HEIGHT="229"
                          WIDTH="1912"
                          VPOS="4392"
                          HPOS="628"
                          CONTENT="bei uns, auch zum Abendbrot."/>
               </TextLine>
            </TextBlock>
         </PrintSpace>
      </Page>
   </Layout>
</alto>
