4260 5213
3722 178 210 180 21

381 343 3385 252 schaft erst als technisches und architektonisches (d. h. in sich geschlossenes)

377 504 3475 274 Gebäude fertig zu stellen, ehe man über die Grenze einen Ver„

403 750 3558 178 bindungsgang hin u. her aufrichtet: „Daher muß sie ihre Grenze nicht

404 824 3617 231 überspringen, um das, dessen Begriffe garkeine Erfahrung angemessen

414 964 3384 218 sein kann, und woran man sich allererst nach Vollendung der

418 1147 3425 186 Naturwissenschaft zu wagen befugt ist in sich selbst als einhei„

417 1242 2055 278 misches Produkt Prinzip hineinziehen.“

644 1373 2972 255 (Grade in der Unersetzbarkeit des Fehlversuchs kommt die

376 1598 3494 132 Inferiorität der Natur gegenüber der menschlichen Intelligenz zum

355 1717 3431 210 Ausdruck, womit die Möglichkeit der „höheren Intelligenz" schon fast

356 1885 768 198 ausgestaltet ist.)

567 1965 2353 280 Es besteht also nur Analogie nicht Kongruenz.

566 2117 3260 213 Die Natur erreicht das Fliegen oder sonstige Zweckmäßigkeiten

428 2270 3484 221 gleichsam nur durch Entdeckung, nicht durch Erfindung, also zufällig,

415 2380 3393 263 daher oft auch auf mannigfachen Umwegen. Sie geht Schritt für

424 2512 3502 255 Schritt unter guter Ausnutzung aller Vorteile die das Gelände bietet,

438 2660 3461 224 aber ganz gleich, welches Ziel sie dabei erreicht, wenn es eben

424 2839 3278 230 nur aussichtsreich ist. Vom Springen Klettern zum Springen, vom

380 2878 3664 297 Springen zum Gleiten, vom Gleiten zum unterstützten Gleiten (fliegende

368 3162 3502 129 Fische, Nashornvögel, die sich immer wieder emporschnellen, um neue

356 3228 3642 236 Gleitfläche zu erhalten), endlich zum Fliegen.) Nicht das Schwimmen„

348 3380 3705 223 können ist Endabsicht bei den Wassersäugetieren, sondern das Fischen, jenes

380 3570 3663 198 finden sie nur beiläufig auf dem Wege und nehmen es als g der

384 3728 3663 204 Endabsicht günstig mit (Ablenken von der graden Linie; Rückkehren zum

405 3783 3629 270 Lauf bei Vögeln, der scheinbare „Zweck“, das Fliegen bleibt unbenutzt)

688 3952 3138 215 Als heuristisches Prinzip ist die Analogie angebracht, da der unsrer

406 4111 3426 224 Betrachtungsweise geläufige „Zweck“ uns die Entwicklungsmöglichkeiten,

370 4222 3691 278 jene Vorteile des Geländes in helles Licht rückt u. so die Umwandlungen

406 4380 3586 292 als Wirkungen erkennbarer Ursachen (nicht als Mittel zum Zweck!) erkennen

398 4580 3531 224 läßt (etwa wie man eine Elephantenfährte verfolgt und beobachtet, daß er

386 4714 2229 251 sich lediglich den bequemsten Weg aussucht).
