4260 5213
356 210 207 207 32

393 429 3550 252 gradeswegs nach NO. Dann auf der Ssongea-Str. üb. Ssin-

404 596 3510 173 gino nach Kilwa. Gestern im Bachbett hatte ich große fossil„

403 714 3573 195 leere Platten gesehen, wie in Makangaga u. die Hänge

403 911 3537 203 beim Jumben, waren mit ganz dichtem Geröll übersät.

422 1037 3453 186 Heut erst kam mir ein Zweifel, ob der Ton mit d.

1706 1140 535 112 Oberkreide!

424 1197 3333 164 Steinbrocken auch noch d. Kreide angehörte, er wurde

456 1339 3302 218 allmählich mehr dem Befund des Kitulo ähnlich u.

439 1511 3506 186 auf d. Barrabarra fand ich denn auch Nummuliten-

436 1625 3436 240 Gestein. Nun habe ich d. Grenze doch nicht gefunden, es

403 1760 3382 208 sei denn, daß — Makangaga im Tertiär liegt!

476 1955 3356 188 Brücken auf d. Straße in miserablem Zustand, die

492 2054 3364 190 Träger machten sich mit Recht darüber lustig, daß d.

449 2212 3378 155 Balken mit Kokoskamba festgebunden waren (ob es

450 2336 3591 295 in Kilwa kein Eisen gäbe?), Pfeiler umgestürzt, d. Ganze

480 2475 3453 216 machte mir d. Eindruck, als sähe ich Reste einer alten

455 2625 3453 194 Kultur. Böser Anstieg in Sonnenbrand u. tiefem Sand.

451 2843 3506 185 Aber schöne Blicke auf d. See u. herrliche Vegetation auf

490 2922 3280 182 d. breiten ebenen Ssingino-Rücken: Palmen u.

476 3113 3462 196 Mangos in seltener Üppigkeit. Gegen die Küste hin

511 3194 3458 230 noch ein Abstieg in 2 breiten Terrassen ganz niederes

487 3356 3426 252 Gras, große Viehherden u. eine wahre Völkerwande„

447 3503 2806 179 rung auf all d. Wegen aus d. Stadt.

726 3683 2944 184 Unterkunft im Hause d. D. O. A. S. bei Herrn

467 3786 676 214 Schirmer.

669 3867 3313 302 20. Sept. Kisten gesucht, Zoll, Arbeiter abgelöhnt außer Praeparatoren,

475 4053 1978 246 die noch beim Packen helfen sollen.

630 4139 3304 278 21. Nachm. Im Badebassin geschwommen, eine 2½ Jahre

469 4275 3384 234 hindurch entbehrte Wohltat. Koffer umgepackt. Kegelabend.

516 4424 3298 258 22. Kisten zu packen begonnen. Lerne einen Pater
