4260 5213
238 253 205 218 36

355 553 3590 269 werden auf d. Insel in d. Bucht. Kann keine Gerölllage

431 724 3223 180 an d. Basis der fossilführenden Bänke entdecken.

580 875 3263 213 Bei Tage auf See etwas Regen. Es soll hier seit

452 1002 3307 189 d. Regenzeit noch nicht recht aufgehört haben.

671 1164 3206 184 2. October: Nach Mombassa. An Land. Besichtigung des

450 1315 3348 219 Orts, weitere Einkäufe. Herr Furtwängler, der noch in

407 1437 3463 239 Mikesse war u. seit Daressalaam in d. 3ten Klasse

459 1628 3060 165 mitgefahren war, kommt in die 1te herüber.

643 1802 3116 174 3. Oct. Morgens Abfahrt, ein englischer Union Castle-

413 1900 1514 250 Dampfer kam herein.

724 2056 3010 228 4 Oct. Erwachen im indischen Ozean! Dr. Vageler ist in

454 2223 3445 199 Mombassa an Bord gestiegen, junger Privatdozent, kaum viel

484 2361 3396 188 älter als ich, hat aber bereits zum 2ten Mal wichtige Gutachten

462 2544 3493 152 über Böden für Gouvernement u. Kolonialamt gemacht, bringt

490 2663 3218 192 ganze Hefte vollgeschrieben mit u. wurde mir auch von

493 2777 3388 188 Stremme als bester Bodenkenner bezeichnet. Er hat also

497 2895 3365 257 sein Arbeitsfeld b gefunden u. behauptet es mit Sicher„

465 3090 3321 236 heit u. Erfolg. Und ich? Die neue Kustodenstelle ist ab„

469 3187 3364 261 gelehnt u. ich stehe vor dem absoluten Nichts mit fast 30

467 3377 3343 236 Jahren. Spezialfach? nicht vorhanden. Kenntnisse, wie mir

479 3543 3494 166 deutlich bewußt, überall zum Weiterbauen vorhanden, aber

493 3659 3258 179 nirgend tiefer eingedrungen als für Studenten paßt.

515 3828 3476 222 Nun ich habe einen Reichtum an d. Erinnerung dieser 2½ Jahre.

485 3960 3506 192 Freilich manches habe ich doch auch nicht gesehen an einzelnen

458 4125 3232 185 Tieren (z. B. Löwe u. s. w.) oder gewaltigen Wildherden,

496 4247 3453 229 wovon fast alle Mitreisenden erzählen. Ich werde schon

525 4379 3276 214 wieder neidisch u. d. Sehnsucht nach Ostafrika beginnt
