4260 5213
221 347 160 145 2

477 414 3442 246 sah nunmehr zu meinem Entsetzen, daß es nicht weniger

476 567 3562 231 als 1 Bein- und 3(!) Brustschüsse mit Ausschußlöchern hatte. Wenn

453 760 3575 190 ein Tier damit nicht fällt, bin ich freilich machtlos. Ich fürchte

437 886 3424 135 nun fast, daß auch von den Andern noch eins angeschossen

407 1013 3429 203 sein könnte, obwohl sie im strammen Galopp abgingen u.

414 1134 2956 253 nicht mehr auffindbar waren, auch nicht Blutspuren.

669 1235 3172 283 Ich hoffte, für Fleisch eine Barrabarra vom Jumben zum Lager

441 1430 3452 244 schlagen zu können, doch erklärten die Leute, das täten sie nur

454 1636 3388 173 gegen Geld. Für hiesige Begriffe ist das ziemlich unverschämt,

444 1736 3504 168 doch verzichtete ich nun ohne weiteres. Sklavenarbeit wünsche ich

432 1879 3477 194 nicht. Gegen Mittag ziemlich heftiger Regen. Da soll das

429 2011 1908 253 Gras trocknen! Briefe.

690 2182 3183 239 24. Juli. Schicke Ali wegen Zahnschmerzen mit Trägern nach

438 2318 2620 246 Kilwa, um mich dort zur Stelle zu melden.

537 2454 3499 209 Besichtigte Knochenstellen am Wege nach Muazi; alles unbrauch„

431 2615 2708 245 bar, aber ich habe nichts besseres. Gräben angesetzt

2663 2597 427 124 bestimmt.

3092 2641 708 217 Einige der

475 2776 3548 170 Janensch'schen Knochenfunde waren selbst dem dort gewesenen Führer

446 2970 3584 181 nicht vollzählig auffindbar, obwohl sie dicht beieinander liegen

467 3047 2377 233 und eine gefunden wurde. O Gras, o Graus!

558 3186 3434 192 25. Juli. Zu graben begonnen. Bedeckter Himmel, an Brennen

502 3365 3503 185 kein Gedanke. Trig. Beyschlagi in 3 kl. Exemplaren, anscheinend zw. 2 Saurierschichten.

592 3492 3305 252 26. Juli. Den hiesigen „Tendaguru“ namens Ndalakasha bestiegen,

512 3672 3509 232 Weg durch Gras, der ziemlich steile Berg voll dichten Busches. Hübsche

514 3823 3487 149 Übersicht, Peilen freilich z. T. durch Vegetation verhindert. Erosions„

515 3951 3566 245 rest aus den Korallenkalk, der am Kihendye auf Bornhardti-Pflaster

498 4147 3486 186 ruhte. Zurück zum Wege nach Kiguruka, den Mpungiro-Fluß im

500 4240 3482 195 Bett abwärts, wo Janensch etwas gesehen hatte. Fand nur Sau„

501 4370 1862 230 rierschicht, aber kein Knöchelchen.

757 4511 1385 245 Banda im Lager gebaut.

220 3990 267 180 =Urgon
