4260 5214
3641 216 206 183 57

274 485 3680 281 dort zur Generalprobe des „Weihnachtsoratoriums“ in d. Singaka„

319 714 3666 183 demie. Dachte daran, daß Hanna Trendelenburg früher abonniert

375 847 3498 231 gewesen, ob noch jetzt? Nun dann ging sie wohl höchstens zur

377 960 3402 275 Hauptaufführung. Auf d. Wege an ihrer früheren Wohnung vorbei,

430 1165 3442 174 die Straße blieb für mein Auge leer. In d. Garderobe ging

418 1290 3411 141 ich instinktiv auf den Platz, wo ich sie damals traf — und

429 1401 3407 270 da war sie! Nebst Mutter u. 2 Schwestern. Mein Platz in der

407 1610 3466 201 Seitenloge ließ mich grade auf sie herabblicken, denn sie hatte

407 1720 3615 182 denselben Platz, an dem ich sie zuletzt an jenem Konzertabend

432 1892 3493 207 gesehen — vor 3 Jahren! Ich war nicht der einzige, der Blicke

434 1995 3533 245 warf. Begleitete sie auf dem Heimwege; als seien wir verlobt,

448 2140 3475 202 ließen wir ihre Angehörigen allein u. erzählten. Sie ist die„

389 2311 3543 232 selbe, unverändert, ich so vertraut mit ihr. Sie hat in d. Zwi„

390 2505 3443 160 schenzeit an eine Bibliothek in Samoa gehen wollen, aber d.

378 2626 3548 206 Vater habe sie nicht allein in's Ausland gehen lassen. O du,

427 2725 3361 265 wenn ich dir das bereiten könnte! Die Mutter forderte

436 2910 3461 251 mich auf sie zu besuchen. Gemach, dessen hätte es nun nicht

457 3068 3552 227 mehr bedurft. Ich hätte es gern längst getan, aber wie wenn ich

455 3204 3425 223 dort von ihrer eingetretenen Vermählung gehört hätte!

485 3380 3533 146 Durch Herrmann's hatte ich nichts erfahren. Darf ich mich denn

478 3522 3438 217 jetzt nähern, wo ich keine Gelegenheit habe Hoffnungen

480 3648 3271 237 zu machen? O Gott, wenn alle jungen Männer der Welt

497 3789 3542 210 darauf gewartet hätten. Und wenn es eine Episode werden

480 3978 3190 232 soll, so will ich und vielleicht auch sie sie nicht missen!

650 4143 2617 248 Nach Lichterfelde zu Heyroth's jr. zum Abendbrot.

491 4361 3548 269 Das Weihnachtsoratorium eine rechte schöne Eröffnung dieser lieben

497 4518 2689 266 Tage, die ich nun wieder daheim begehen darf.
