4260 5213
271 213 212 186 26

417 398 3543 310 ist das südlich von ihr für base. level plain gradezu typische Plateau

399 656 3569 175 vom Matandu her angeschnitten. Ich fand dort wieder den „bunten“,

302 747 3402 262 in seltsamen Gestalten verwitternden Sandstein von Maliwe-

355 895 3637 228 Namakanga u. die unglaublichen moränenartigen Blockhäufungen,

400 1125 3574 180 u. was am interessantesten war, einen dieser großen Blöcke

406 1195 3547 194 völlig in d. Sandstein eingeschlossen, so daß sich die „Moränen“

410 1359 3516 280 deutlich als Restbestand der Ausräumung zu erkennen geben.

395 1487 3436 285 Die Entstehung des Muttergesteins ist mir nun aber ganz

400 1633 3516 291 unklar, den fluvial ist es wegen der horizontalen Ver„

423 1823 3463 204 breitung nicht u. marin kann ich mir die ganz ortsfremden

436 1947 2824 264 gewaltigen (u. gerundeten!) Blöcke nicht vorstellen.

772 2078 3071 247 Auf dem Rückweg am Graben. Habe jetzt leider nichts

486 2224 3381 258 zu tun, als Aufseher zu spielen, die Leute außer d. Prae„

470 2356 3400 311 paratoren gleichfalls nicht, der Kostenpunkt u. d. Verpacken

478 2533 3376 268 in Kilwa verlangt gleichfalls, daß ich bald abmarschiere, aber

509 2710 3389 218 wer bringt die vielen Lasten fort. Ich kann keine Träger

486 2854 3429 220 bekommen. Das Bez.-Amt hatte ich gebeten (mit Widerwillen

500 2988 3435 205 die Polizei angerufen) meine Forderung um Träger beim Jumben

517 3177 3264 148 in Namanoro zu unterstützen. Da schickt mir der Sekretär zwei

514 3217 3496 290 Briefe an d. Akiden in Mavudyi und (!) Nakihu (4 Tage entfernt)

519 3414 3313 254 „das Unternehmen zu unterstützen“, die Akiden haben's

505 3537 3242 293 an die verschiedensten wer weiß wo wohnenden

545 3669 3239 321 Jumben weitergeben u. dort ist's natürlich im Sande

509 3840 3281 194 verlaufen, weil man von keinem Menschen ver„

512 3968 3371 309 langen kann, daß er mehrere Tage weit marschiert u.

516 4152 3259 245 dabei sein Geld ausgiebt, um hier für 70 heller eine

442 4330 3314 301 Last zu schleppen. Es muß, weiß Gott, Deutsche geben, die
