5305 8219
4830 268 200 121 172.

2619 571 2400 398 kunde kunde befähigte Candidaten auſzuſuchen,

2580 860 2054 319 und ſeiner Zeit Vorſchläge zu erſtatten.

2695 1057 2337 278 Dieſes Reſcript werde der mediciniſchen Fakultät

2555 1280 2200 364 zum Gutachten darüber zuzuſtellen ſeyn.

3309 1490 492 257 Conclus

2800 1650 413 191 placet.

2566 1806 2324 352 2.) Bitte den NaturalienCabinets-Aufſeher und

2629 2041 2355 363 Gehilfe Rath ihm von ſeiner Caution von 400 f

2610 2276 2347 325 die er in baarem Geld geleiſtet, ₍჻ 200. fℓ. zu

2620 2495 2102 387 ſeiner Einrichtung verabfolgen zu laßen.

2609 2759 2381 357 Da die Caution von dem Miniſterium auf 400. fℓ.

2604 2999 2390 324 beſtim̄t worden, ſo werde mann nichts davon

2589 3196 2414 365 abgeben kön̄en, und die Bittſchrift mit Bericht

2638 3455 2384 337 des Herrn Vorſtehers des Naturalien-Cabinets

2614 3691 1930 406 an das Miniſterium einzuſenden ſeyn.

3380 3973 389 229 Concl.

2919 4043 843 345 Einverſtanden

2597 4363 2369 418 3.) Der entlaßene Hatſchier Klumpp, welchem durch

2665 4585 2309 381 das SenatsDecret vom 29. Nov. 1827. für dieſes

2651 4810 2341 341 Jahr ein Gratial von 8. fℓ. bewilligt - und dabei von

2669 5029 2376 370 ſeinem Wohlverhalten abhängig gemacht worden

2639 5283 2394 397 ob er dieſes Gratial fortbekom̄en ſolle oder man

2670 5560 2379 354 ihm mehr geben wolle, bitte nun um eine Unter_

2661 5726 539 409 ſtützung.

3315 5908 425 222 Concl.

2741 6115 2225 425 Dem Klumpp eine järliche Unterſtutzung

4214 6003 713 292 für ein Jahr

2723 6442 2302 351 von 24. fℓ. welche ihm monatlich mit 2. fℓ. zu ver_

2762 6616 574 266 abfolgen

3233 6604 593 196 für ein Jahr

3301 6699 1593 353 aus der LazarethCaße zu be_

2767 6811 575 286 willigen

2626 7085 2361 305 4.) Nach einem Miniſteriellen Reſcript vom 12/21. d. M.

2725 7276 2251 365 werde der Senat angewieſen zu berichten, bei
