5305 8219
2651 725 2362 380 ein Schreiben vom 28. Märtz in Kentniß ge_

2664 998 2366 370 ſezt worden, zwiſchen dieſem und dem Herrn

2648 1258 366 299 Prof.

3026 1211 278 197 Mohl

2976 1273 1719 326 entſtandenen Uneinigkeiten.

2707 1529 2322 332 Das erwähnte an Herrn Oberbibliothekar

2649 1760 2409 407 erlaßene Schreiben, das vorgeleſen wurde,

2724 2052 2358 344 ſey vorher dem Collegium der Herrn Dekane

2683 2301 2271 384 vorgelegt und von dieſem per Majora geneh_

2657 2559 826 231 migt worden.

2726 2744 2285 362 Die BibliotheksCom̄ißion, mit welcher des_

2685 2982 2337 381 halb Rückſprache genom̄en worden, ſey der

2649 3213 2348 339 Meynung, die Sache auf eine gütliche Weiſe

2649 3409 1236 334 beizulegen zu ſuchen.

2713 3683 2326 342 Nach der Lage der Verhältniße würde es

2682 3949 2358 322 unangenehm ſeyn, wenn die Sache an die

2714 4142 1853 324 höhere Behörde gelangen würde.

2809 4365 1700 386 Es wurde deswegen angefragt:

2778 4669 2300 355 1.) Ob Ampl. Senatus die Vorlegung ſämtlicher

2813 4906 2176 360 Acten oder gütliche Beilegung wünſche?

3366 5158 416 216 Concl.

2863 5350 1456 328 Die Sühne zu verſuchen.

2823 5597 2189 329 2.) Ob noch vorher unterſucht werden ſollte,

2808 5848 2229 349 ob der SenatsBeſchluß vom 27. v. M. gültig

2883 6078 881 295 ſey, oder nicht.

3417 6339 418 331 Concl.

2863 6466 2066 340 Es ſolle bei dem einfachen Verſuch

2901 6758 2088 406 der Güte verbleiben, dieſer Verſuch

2904 6997 2171 358 aber ſogleich gemacht werden, um biß
