<?xml version="1.0" encoding="UTF-8"?>
<alto xmlns:xsi="http://www.w3.org/2001/XMLSchema-instance"
      xmlns="http://www.loc.gov/standards/alto/ns-v4#"
      xmlns:page="http://schema.primaresearch.org/PAGE/gts/pagecontent/2013-07-15"
      xsi:schemaLocation="http://www.loc.gov/standards/alto/ns-v4# https://www.loc.gov/standards/alto/v4/alto.xsd">
   <Description>
      <MeasurementUnit>pixel</MeasurementUnit>
      <sourceImageInformation>
         <fileName>UAT_047_20a_320.jpg</fileName>
      </sourceImageInformation>
      <Processing ID="IdOcr">
         <processingDateTime>2023-05-10T10:50:33.574+02:00</processingDateTime>
         <processingSoftware>
            <softwareCreator>READ COOP</softwareCreator>
            <softwareName>Transkribus</softwareName>
         </processingSoftware>
      </Processing>
   </Description>
   <Layout>
      <Page ID="Page1" PHYSICAL_IMG_NR="1" HEIGHT="8219" WIDTH="5305">
         <TopMargin HEIGHT="0" WIDTH="5305" VPOS="0" HPOS="0"/>
         <LeftMargin HEIGHT="8219" WIDTH="0" VPOS="0" HPOS="0"/>
         <RightMargin HEIGHT="8219" WIDTH="0" VPOS="0" HPOS="5305"/>
         <BottomMargin HEIGHT="0" WIDTH="5305" VPOS="8219" HPOS="0"/>
         <PrintSpace HEIGHT="8219" WIDTH="5305" VPOS="0" HPOS="0">
            <TextBlock ID="TextRegion_1624702644574_472"
                       HEIGHT="6903"
                       WIDTH="2673"
                       VPOS="734"
                       HPOS="2341"
                       LANG="">
               <Shape>
                  <Polygon POINTS="2341,734 5014,734 5014,7637 2432,7637 2639,6354 2619,6152 2518,5923 2411,5916 2458,4140 2341,4139"/>
               </Shape>
               <TextLine ID="r2l1"
                         BASELINE="2660,818 2772,824 2885,828 2997,832 3110,832 3223,832 3335,832 3448,830 3560,828 3673,826 3786,824 3898,822 4011,820 4123,818 4236,818 4349,816 4461,818 4574,820 4686,824 4799,828 4912,834"
                         HEIGHT="432"
                         WIDTH="2283"
                         VPOS="531"
                         HPOS="2644">
                  <String ID="string_r2l1"
                          HEIGHT="432"
                          WIDTH="2283"
                          VPOS="531"
                          HPOS="2644"
                          CONTENT="ſchuß bey der Rectoratscaſſe"/>
               </TextLine>
               <TextLine ID="r2l2"
                         BASELINE="2662,1126 2774,1122 2886,1117 2998,1113 3110,1108 3223,1104 3335,1098 3447,1094 3559,1089 3671,1086 3784,1080 3896,1078 4008,1074 4120,1072 4232,1070 4345,1070 4457,1068 4569,1070 4681,1072 4793,1075 4906,1078"
                         HEIGHT="349"
                         WIDTH="2277"
                         VPOS="895"
                         HPOS="2645">
                  <String ID="string_r2l2"
                          HEIGHT="349"
                          WIDTH="2277"
                          VPOS="895"
                          HPOS="2645"
                          CONTENT="300 f. an die Bibliothekcaſſe"/>
               </TextLine>
               <TextLine ID="r2l3"
                         BASELINE="2690,1408 2804,1402 2918,1394 3033,1388 3147,1382 3262,1375 3376,1370 3490,1366 3605,1362 3719,1358 3834,1354 3948,1352 4062,1350 4177,1350 4291,1348 4406,1350 4520,1350 4634,1352 4749,1354 4863,1357 4978,1360"
                         HEIGHT="395"
                         WIDTH="2325"
                         VPOS="1106"
                         HPOS="2671">
                  <String ID="string_r2l3"
                          HEIGHT="395"
                          WIDTH="2325"
                          VPOS="1106"
                          HPOS="2671"
                          CONTENT="zu Abrechnung an jenem Gut‗"/>
               </TextLine>
               <TextLine ID="r2l4"
                         BASELINE="2694,1668 2808,1664 2923,1660 3038,1656 3152,1651 3267,1646 3382,1640 3496,1634 3611,1630 3726,1626 3841,1621 3955,1618 4070,1614 4185,1612 4299,1612 4414,1612 4529,1614 4643,1616 4758,1621 4873,1627 4988,1636"
                         HEIGHT="348"
                         WIDTH="2327"
                         VPOS="1444"
                         HPOS="2677">
                  <String ID="string_r2l4"
                          HEIGHT="348"
                          WIDTH="2327"
                          VPOS="1444"
                          HPOS="2677"
                          CONTENT="haben der cath. theoℓ. Facultät"/>
               </TextLine>
               <TextLine ID="r2l5"
                         BASELINE="2682,1928 2782,1928 2882,1926 2982,1926 3082,1924 3183,1921 3283,1918 3383,1915 3483,1912 3583,1910 3684,1906 3784,1904 3884,1900 3984,1898 4084,1896 4185,1894 4285,1894 4385,1894 4485,1894 4585,1896 4686,1898"
                         HEIGHT="345"
                         WIDTH="2035"
                         VPOS="1732"
                         HPOS="2666">
                  <String ID="string_r2l5"
                          HEIGHT="345"
                          WIDTH="2035"
                          VPOS="1732"
                          HPOS="2666"
                          CONTENT="abgegeben werden ſollen."/>
               </TextLine>
               <TextLine ID="r2l6"
                         BASELINE="2438,2242 2557,2234 2677,2226 2797,2221 2917,2216 3037,2212 3156,2209 3276,2206 3396,2204 3516,2202 3636,2202 3755,2200 3875,2199 3995,2198 4115,2196 4235,2196 4354,2194 4474,2192 4594,2188 4714,2184 4834,2180"
                         HEIGHT="314"
                         WIDTH="2429"
                         VPOS="2015"
                         HPOS="2420">
                  <String ID="string_r2l6"
                          HEIGHT="314"
                          WIDTH="2429"
                          VPOS="2015"
                          HPOS="2420"
                          CONTENT="5.) Da das Betteln in den Häuſern"/>
               </TextLine>
               <TextLine ID="r2l7"
                         BASELINE="2646,2450 2759,2450 2873,2452 2987,2454 3101,2454 3215,2454 3328,2456 3442,2456 3556,2456 3670,2456 3784,2454 3897,2454 4011,2452 4125,2452 4239,2450 4353,2448 4466,2446 4580,2444 4694,2440 4808,2437 4922,2434"
                         HEIGHT="297"
                         WIDTH="2306"
                         VPOS="2281"
                         HPOS="2630">
                  <String ID="string_r2l7"
                          HEIGHT="297"
                          WIDTH="2306"
                          VPOS="2281"
                          HPOS="2630"
                          CONTENT="ſo ſehr überhand nim̄t, daſs zu be‗"/>
               </TextLine>
               <TextLine ID="r2l8"
                         BASELINE="2674,2718 2789,2718 2904,2716 3019,2714 3134,2713 3250,2712 3365,2710 3480,2708 3595,2706 3710,2704 3826,2702 3941,2702 4056,2700 4171,2700 4286,2700 4402,2700 4517,2700 4632,2700 4747,2702 4862,2704 4978,2708"
                         HEIGHT="359"
                         WIDTH="2334"
                         VPOS="2492"
                         HPOS="2660">
                  <String ID="string_r2l8"
                          HEIGHT="359"
                          WIDTH="2334"
                          VPOS="2492"
                          HPOS="2660"
                          CONTENT="fürchten iſt, es möchten aus dieſem"/>
               </TextLine>
               <TextLine ID="r2l9"
                         BASELINE="2708,2984 2822,2982 2936,2982 3050,2978 3164,2976 3278,2972 3392,2970 3506,2967 3620,2964 3734,2961 3849,2960 3963,2958 4077,2958 4191,2958 4305,2958 4419,2962 4533,2965 4647,2971 4761,2978 4875,2987 4990,2996"
                         HEIGHT="272"
                         WIDTH="2316"
                         VPOS="2812"
                         HPOS="2691">
                  <String ID="string_r2l9"
                          HEIGHT="272"
                          WIDTH="2316"
                          VPOS="2812"
                          HPOS="2691"
                          CONTENT="Grunde die halb= und vierteljährℓ."/>
               </TextLine>
               <TextLine ID="r2l10"
                         BASELINE="2648,3248 2765,3250 2882,3250 2999,3248 3116,3248 3233,3246 3350,3244 3467,3242 3584,3240 3701,3238 3819,3236 3936,3236 4053,3234 4170,3232 4287,3232 4404,3232 4521,3234 4638,3236 4755,3238 4872,3242 4990,3246"
                         HEIGHT="335"
                         WIDTH="2374"
                         VPOS="3016"
                         HPOS="2632">
                  <String ID="string_r2l10"
                          HEIGHT="335"
                          WIDTH="2374"
                          VPOS="3016"
                          HPOS="2632"
                          CONTENT="Beyträge an das Armen=Jnſti‗"/>
               </TextLine>
               <TextLine ID="r2l11"
                         BASELINE="2692,3538 2801,3531 2910,3524 3019,3518 3128,3514 3238,3510 3347,3508 3456,3506 3565,3504 3674,3504 3784,3504 3893,3504 4002,3504 4111,3506 4220,3506 4330,3508 4439,3510 4548,3510 4657,3512 4766,3514 4876,3514"
                         HEIGHT="333"
                         WIDTH="2216"
                         VPOS="3337"
                         HPOS="2676">
                  <String ID="string_r2l11"
                          HEIGHT="333"
                          WIDTH="2216"
                          VPOS="3337"
                          HPOS="2676"
                          CONTENT="tut hir und da verweigert"/>
               </TextLine>
               <TextLine ID="r2l12"
                         BASELINE="2648,3808 2719,3808 2791,3808 2863,3808 2935,3806 3007,3803 3078,3800 3150,3798 3222,3794 3294,3790 3366,3787 3437,3783 3509,3780 3581,3776 3653,3773 3725,3770 3796,3768 3868,3766 3940,3764 4012,3764 4084,3764"
                         HEIGHT="299"
                         WIDTH="1469"
                         VPOS="3625"
                         HPOS="2632">
                  <String ID="string_r2l12"
                          HEIGHT="299"
                          WIDTH="1469"
                          VPOS="3625"
                          HPOS="2632"
                          CONTENT="werden, ſo wurde"/>
               </TextLine>
               <TextLine ID="r2l13"
                         BASELINE="3342,4046 3382,4049 3423,4052 3464,4053 3505,4054 3546,4056 3586,4056 3627,4056 3668,4056 3709,4056 3750,4056 3790,4054 3831,4054 3872,4053 3913,4052 3954,4050 3994,4048 4035,4046 4076,4046 4117,4044 4158,4042"
                         HEIGHT="336"
                         WIDTH="846"
                         VPOS="3852"
                         HPOS="3327">
                  <String ID="string_r2l13"
                          HEIGHT="336"
                          WIDTH="846"
                          VPOS="3852"
                          HPOS="3327"
                          CONTENT="beſchloſſen"/>
               </TextLine>
               <TextLine ID="r2l14"
                         BASELINE="2658,4316 2770,4318 2882,4322 2995,4322 3107,4322 3220,4322 3332,4320 3444,4318 3557,4316 3669,4312 3782,4310 3894,4306 4006,4303 4119,4300 4231,4297 4344,4294 4456,4294 4568,4292 4681,4292 4793,4292 4906,4294"
                         HEIGHT="371"
                         WIDTH="2281"
                         VPOS="4091"
                         HPOS="2641">
                  <String ID="string_r2l14"
                          HEIGHT="371"
                          WIDTH="2281"
                          VPOS="4091"
                          HPOS="2641"
                          CONTENT="wegen Handhabung der Polizei"/>
               </TextLine>
               <TextLine ID="r2l16"
                         BASELINE="2652,4576 2768,4579 2885,4581 3002,4582 3119,4580 3236,4576 3353,4572 3470,4567 3587,4562 3704,4556 3821,4549 3937,4544 4054,4538 4171,4533 4288,4530 4405,4528 4522,4526 4639,4526 4756,4528 4873,4533 4990,4540"
                         HEIGHT="433"
                         WIDTH="2368"
                         VPOS="4320"
                         HPOS="2634">
                  <String ID="string_r2l16"
                          HEIGHT="433"
                          WIDTH="2368"
                          VPOS="4320"
                          HPOS="2634"
                          CONTENT="in Rückſicht auf den Hausbettel"/>
               </TextLine>
               <TextLine ID="r2l17"
                         BASELINE="2678,4858 2794,4862 2910,4864 3027,4864 3143,4862 3260,4858 3376,4853 3492,4848 3609,4841 3725,4834 3842,4827 3958,4822 4074,4815 4191,4808 4307,4802 4424,4798 4540,4794 4656,4792 4773,4792 4889,4794 5006,4796"
                         HEIGHT="433"
                         WIDTH="2356"
                         VPOS="4556"
                         HPOS="2660">
                  <String ID="string_r2l17"
                          HEIGHT="433"
                          WIDTH="2356"
                          VPOS="4556"
                          HPOS="2660"
                          CONTENT="geeignete Vorſtellung † bey dem"/>
               </TextLine>
               <TextLine ID="line_1624702589951_440"
                         BASELINE="2689,5142 2742,5140 2964,5134 3187,5126 3409,5120 3632,5112 3855,5105 4077,5098 4300,5090 4522,5080 4745,5070 4968,5060"
                         HEIGHT="408"
                         WIDTH="2308"
                         VPOS="4840"
                         HPOS="2668">
                  <String ID="string_line_1624702589951_440"
                          HEIGHT="408"
                          WIDTH="2308"
                          VPOS="4840"
                          HPOS="2668"
                          CONTENT="hieſigen Oberamte durch das"/>
               </TextLine>
               <TextLine ID="r2l21"
                         BASELINE="2662,5396 2779,5398 2896,5398 3013,5398 3130,5398 3247,5398 3364,5398 3481,5396 3598,5396 3715,5394 3832,5394 3949,5392 4066,5390 4183,5388 4300,5386 4417,5384 4534,5382 4651,5380 4768,5378 4885,5376 5002,5374"
                         HEIGHT="421"
                         WIDTH="2375"
                         VPOS="5140"
                         HPOS="2644">
                  <String ID="string_r2l21"
                          HEIGHT="421"
                          WIDTH="2375"
                          VPOS="5140"
                          HPOS="2644"
                          CONTENT="Rectoratamt machen zu laſſen."/>
               </TextLine>
               <TextLine ID="line_1624702547006_407"
                         BASELINE="2456,5718 2487,5719 2518,5721 2549,5722 2580,5718 2760,5696 2865,5694 2971,5692 3077,5690 3183,5688 3289,5688 3394,5686 3500,5686 3606,5686 3712,5686 3818,5684 3923,5684 4029,5684 4135,5684 4241,5684 4347,5684 4452,5684 4558,5684 4664,5684 4770,5682 4876,5682"
                         HEIGHT="364"
                         WIDTH="2451"
                         VPOS="5454"
                         HPOS="2440">
                  <String ID="string_line_1624702547006_407"
                          HEIGHT="364"
                          WIDTH="2451"
                          VPOS="5454"
                          HPOS="2440"
                          CONTENT="6.) Hℓ. Profeſſor Jäger macht auf"/>
               </TextLine>
               <TextLine ID="line_1624702554123_411"
                         BASELINE="2637,5967 2745,5962 2954,5954 3163,5948 3372,5942 3582,5938 3791,5936 4000,5934 4210,5934 4419,5936 4628,5940 4838,5944"
                         HEIGHT="312"
                         WIDTH="2231"
                         VPOS="5779"
                         HPOS="2623">
                  <String ID="string_line_1624702554123_411"
                          HEIGHT="312"
                          WIDTH="2231"
                          VPOS="5779"
                          HPOS="2623"
                          CONTENT="mehrere Fehler aufmerkſam,"/>
               </TextLine>
               <TextLine ID="line_1624702568036_425"
                         BASELINE="2705,6246 2860,6253 3066,6247 3282,6227 3498,6209 3713,6195 3929,6185 4145,6180 4360,6180 4576,6185 4792,6197 5008,6214"
                         HEIGHT="419"
                         WIDTH="2336"
                         VPOS="5938"
                         HPOS="2688">
                  <String ID="string_line_1624702568036_425"
                          HEIGHT="419"
                          WIDTH="2336"
                          VPOS="5938"
                          HPOS="2688"
                          CONTENT="welche im neueſten Lections=Ca‗"/>
               </TextLine>
               <TextLine ID="line_1624702601650_454"
                         BASELINE="2689,6520 2863,6511 3078,6502 3293,6493 3508,6484 3723,6478 3938,6474 4153,6470 4368,6466 4583,6466 4798,6466 5014,6468"
                         HEIGHT="356"
                         WIDTH="2355"
                         VPOS="6283"
                         HPOS="2671">
                  <String ID="string_line_1624702601650_454"
                          HEIGHT="356"
                          WIDTH="2355"
                          VPOS="6283"
                          HPOS="2671"
                          CONTENT="talogen aus Verſehen der Redacti‗"/>
               </TextLine>
               <TextLine ID="r2l31"
                         BASELINE="2674,6780 2790,6788 2907,6791 3024,6794 3141,6792 3258,6790 3375,6786 3492,6780 3609,6775 3726,6767 3843,6761 3959,6753 4076,6746 4193,6739 4310,6734 4427,6730 4544,6728 4661,6726 4778,6728 4895,6732 5012,6740"
                         HEIGHT="337"
                         WIDTH="2369"
                         VPOS="6527"
                         HPOS="2658">
                  <String ID="string_r2l31"
                          HEIGHT="337"
                          WIDTH="2369"
                          VPOS="6527"
                          HPOS="2658"
                          CONTENT="on vorkommen. Damit dergℓ."/>
               </TextLine>
               <TextLine ID="r2l35"
                         BASELINE="2650,7034 2767,7038 2885,7042 3003,7044 3120,7044 3238,7044 3356,7042 3473,7041 3591,7038 3709,7036 3827,7032 3944,7029 4062,7026 4180,7022 4297,7019 4415,7016 4533,7014 4650,7012 4768,7010 4886,7010 5004,7010"
                         HEIGHT="353"
                         WIDTH="2383"
                         VPOS="6797"
                         HPOS="2634">
                  <String ID="string_r2l35"
                          HEIGHT="353"
                          WIDTH="2383"
                          VPOS="6797"
                          HPOS="2634"
                          CONTENT="in Zukunft vermieden werden,"/>
               </TextLine>
               <TextLine ID="r2l36"
                         BASELINE="2644,7308 2727,7305 2811,7303 2895,7302 2979,7302 3063,7304 3146,7304 3230,7306 3314,7308 3398,7310 3482,7312 3565,7314 3649,7316 3733,7318 3817,7318 3901,7318 3984,7317 4068,7314 4152,7311 4236,7306 4320,7300"
                         HEIGHT="343"
                         WIDTH="1708"
                         VPOS="7105"
                         HPOS="2627">
                  <String ID="string_r2l36"
                          HEIGHT="343"
                          WIDTH="1708"
                          VPOS="7105"
                          HPOS="2627"
                          CONTENT="wurde beſchloſſen"/>
               </TextLine>
               <TextLine ID="r2l37"
                         BASELINE="2620,7546 2738,7550 2856,7554 2974,7556 3092,7558 3210,7560 3328,7560 3446,7560 3564,7560 3682,7560 3800,7560 3918,7562 4036,7562 4154,7562 4272,7564 4390,7567 4508,7570 4626,7575 4744,7580 4862,7587 4980,7596"
                         HEIGHT="294"
                         WIDTH="2394"
                         VPOS="7369"
                         HPOS="2604">
                  <String ID="string_r2l37"
                          HEIGHT="294"
                          WIDTH="2394"
                          VPOS="7369"
                          HPOS="2604"
                          CONTENT="daſs, wie es bisher ſchon von einzelnen"/>
               </TextLine>
            </TextBlock>
            <TextBlock ID="TextRegion_1624702636665_468"
                       HEIGHT="3511"
                       WIDTH="2279"
                       VPOS="4126"
                       HPOS="360"
                       LANG="">
               <Shape>
                  <Polygon POINTS="360,4126 2458,4140 2411,5916 2518,5923 2619,6152 2639,6354 2432,7637 360,7637"/>
               </Shape>
               <TextLine ID="r2l15"
                         BASELINE="758,4414 795,4414 833,4414 871,4414 908,4414 946,4414 984,4412 1021,4412 1059,4411 1097,4410 1135,4408 1172,4406 1210,4406 1248,4404 1285,4402 1323,4400 1361,4398 1398,4394 1436,4393 1474,4390 1512,4388"
                         HEIGHT="253"
                         WIDTH="789"
                         VPOS="4233"
                         HPOS="739">
                  <String ID="string_r2l15"
                          HEIGHT="253"
                          WIDTH="789"
                          VPOS="4233"
                          HPOS="739"
                          CONTENT="† die nun bei"/>
               </TextLine>
               <TextLine ID="r2l18"
                         BASELINE="360,5110 452,5096 545,5084 637,5074 730,5064 822,5057 915,5051 1007,5046 1100,5042 1192,5038 1285,5034 1377,5032 1470,5028 1562,5026 1655,5023 1747,5020 1840,5017 1932,5012 2025,5008 2117,5001 2210,4994"
                         HEIGHT="371"
                         WIDTH="1890"
                         VPOS="4779"
                         HPOS="336">
                  <String ID="string_r2l18"
                          HEIGHT="371"
                          WIDTH="1890"
                          VPOS="4779"
                          HPOS="336"
                          CONTENT="NB Wurde wegen der Krankheit des"/>
               </TextLine>
               <TextLine ID="line_1624702592684_446"
                         BASELINE="516,5264 738,5245 961,5228 1183,5212 1406,5198 1629,5186 1851,5176 2074,5166 2296,5157"
                         HEIGHT="301"
                         WIDTH="1820"
                         VPOS="5024"
                         HPOS="492">
                  <String ID="string_line_1624702592684_446"
                          HEIGHT="301"
                          WIDTH="1820"
                          VPOS="5024"
                          HPOS="492"
                          CONTENT="OAman̄s verſchoben, u wo auch jetzt"/>
               </TextLine>
               <TextLine ID="r2l20"
                         BASELINE="544,5428 636,5426 729,5425 821,5422 914,5418 1007,5415 1099,5411 1192,5407 1284,5401 1377,5398 1470,5392 1562,5386 1655,5381 1747,5376 1840,5368 1933,5363 2025,5358 2118,5352 2210,5347 2303,5342 2396,5336"
                         HEIGHT="356"
                         WIDTH="1889"
                         VPOS="5185"
                         HPOS="524">
                  <String ID="string_r2l20"
                          HEIGHT="356"
                          WIDTH="1889"
                          VPOS="5185"
                          HPOS="524"
                          CONTENT="noch im Anſtande gelaßen, da - bei"/>
               </TextLine>
               <TextLine ID="r2l22"
                         BASELINE="576,5596 662,5594 749,5592 835,5588 922,5584 1009,5578 1095,5572 1182,5565 1268,5559 1355,5551 1442,5544 1528,5536 1615,5530 1701,5523 1788,5515 1875,5509 1961,5504 2048,5500 2134,5497 2221,5494 2308,5492"
                         HEIGHT="292"
                         WIDTH="1773"
                         VPOS="5357"
                         HPOS="552">
                  <String ID="string_r2l22"
                          HEIGHT="292"
                          WIDTH="1773"
                          VPOS="5357"
                          HPOS="552"
                          CONTENT="dem Tode des ORR. Kern u der"/>
               </TextLine>
               <TextLine ID="r2l24"
                         BASELINE="588,5752 674,5750 760,5748 846,5745 932,5742 1019,5738 1105,5734 1191,5729 1277,5724 1363,5720 1450,5714 1536,5709 1622,5704 1708,5698 1794,5694 1881,5689 1967,5684 2053,5680 2139,5676 2225,5674 2312,5670"
                         HEIGHT="333"
                         WIDTH="1762"
                         VPOS="5523"
                         HPOS="569">
                  <String ID="string_r2l24"
                          HEIGHT="333"
                          WIDTH="1762"
                          VPOS="5523"
                          HPOS="569"
                          CONTENT="eingetretenen Amtsverweſerei -"/>
               </TextLine>
               <TextLine ID="r2l26"
                         BASELINE="594,5916 678,5914 763,5910 847,5907 932,5902 1016,5897 1101,5892 1185,5886 1270,5882 1354,5875 1439,5868 1523,5861 1608,5854 1692,5848 1777,5839 1861,5833 1946,5826 2030,5819 2115,5811 2199,5804 2284,5796"
                         HEIGHT="297"
                         WIDTH="1721"
                         VPOS="5670"
                         HPOS="569">
                  <String ID="string_r2l26"
                          HEIGHT="297"
                          WIDTH="1721"
                          VPOS="5670"
                          HPOS="569"
                          CONTENT="die Vorſtellung wohl beßer bis"/>
               </TextLine>
               <TextLine ID="line_1624702555994_417"
                         BASELINE="652,6110 861,6090 1070,6070 1279,6053 1489,6037 1698,6021 1907,6007 2117,5995 2297,5984"
                         HEIGHT="356"
                         WIDTH="1676"
                         VPOS="5829"
                         HPOS="628">
                  <String ID="string_line_1624702555994_417"
                          HEIGHT="356"
                          WIDTH="1676"
                          VPOS="5829"
                          HPOS="628"
                          CONTENT="auf Wiederbeſetzung der Stelle"/>
               </TextLine>
               <TextLine ID="r2l28"
                         BASELINE="676,6282 764,6273 853,6267 942,6259 1030,6253 1119,6248 1208,6241 1296,6237 1385,6232 1474,6226 1563,6220 1651,6214 1740,6209 1829,6202 1917,6194 2006,6186 2095,6179 2183,6169 2272,6160 2361,6148 2450,6134"
                         HEIGHT="460"
                         WIDTH="1799"
                         VPOS="5963"
                         HPOS="655">
                  <String ID="string_r2l28"
                          HEIGHT="460"
                          WIDTH="1799"
                          VPOS="5963"
                          HPOS="655"
                          CONTENT="verſchoben wird, was auch Concluſo"/>
               </TextLine>
               <TextLine ID="line_1624702569290_431"
                         BASELINE="694,6470 909,6460 1125,6448 1341,6430 1556,6412 1772,6389 1988,6366 2203,6343 2419,6317 2585,6298"
                         HEIGHT="413"
                         WIDTH="1944"
                         VPOS="6151"
                         HPOS="663">
                  <String ID="string_line_1624702569290_431"
                          HEIGHT="413"
                          WIDTH="1944"
                          VPOS="6151"
                          HPOS="663"
                          CONTENT="fi S. gemäß ſeyn wird, da dieſes"/>
               </TextLine>
               <TextLine ID="line_1624702603343_460"
                         BASELINE="712,6650 927,6633 1142,6617 1357,6602 1572,6588 1787,6574 2002,6560 2217,6546 2432,6535 2548,6528"
                         HEIGHT="440"
                         WIDTH="1860"
                         VPOS="6337"
                         HPOS="691">
                  <String ID="string_line_1624702603343_460"
                          HEIGHT="440"
                          WIDTH="1860"
                          VPOS="6337"
                          HPOS="691"
                          CONTENT="in ſeinen Motiven beſonders auf"/>
               </TextLine>
               <TextLine ID="r2l32"
                         BASELINE="748,6820 829,6820 910,6820 991,6818 1072,6816 1153,6812 1234,6808 1315,6803 1396,6796 1477,6789 1559,6781 1640,6773 1721,6765 1802,6756 1883,6748 1964,6739 2045,6730 2126,6721 2207,6713 2288,6705 2370,6696"
                         HEIGHT="376"
                         WIDTH="1653"
                         VPOS="6552"
                         HPOS="730">
                  <String ID="string_r2l32"
                          HEIGHT="376"
                          WIDTH="1653"
                          VPOS="6552"
                          HPOS="730"
                          CONTENT="die Perſönlichkeit des ORR."/>
               </TextLine>
               <TextLine ID="r2l33"
                         BASELINE="774,7022 827,7024 880,7024 933,7022 986,7019 1040,7015 1093,7010 1146,7006 1199,6999 1252,6992 1306,6986 1359,6979 1412,6974 1465,6968 1518,6964 1572,6960 1625,6958 1678,6956 1731,6958 1784,6959 1838,6964"
                         HEIGHT="347"
                         WIDTH="1108"
                         VPOS="6779"
                         HPOS="747">
                  <String ID="string_r2l33"
                          HEIGHT="347"
                          WIDTH="1108"
                          VPOS="6779"
                          HPOS="747"
                          CONTENT="Kern rechnete."/>
               </TextLine>
               <TextLine ID="r2l34"
                         BASELINE="1894,7002 1919,7004 1945,7004 1971,7004 1996,7004 2022,7004 2048,7003 2073,7002 2099,7001 2125,6999 2150,6996 2176,6993 2202,6991 2227,6988 2253,6985 2279,6981 2304,6979 2330,6977 2356,6973 2382,6970"
                         HEIGHT="389"
                         WIDTH="540"
                         VPOS="6769"
                         HPOS="1863">
                  <String ID="string_r2l34"
                          HEIGHT="389"
                          WIDTH="540"
                          VPOS="6769"
                          HPOS="1863"
                          CONTENT="Wächter."/>
               </TextLine>
            </TextBlock>
         </PrintSpace>
      </Page>
   </Layout>
</alto>
