5305 8219
4902 211 149 118 51.

2712 394 1632 363 täten in die ReſidenzStädte.

4006 279 608 231 überhaupt.

4312 383 737 404 Auſ diß erwie_

2685 624 355 199 derte

2703 762 2336 345 Herr Kanzler: es würde diß in Stuttgardt nur

2691 995 2234 298 wieder Schreibereien erwecken, und der ╕

2677 1248 1279 319 Herr Prof. Herbſt: acc.

2680 1480 2312 393 Herrr Prof. Jaeger: acc. mit dem Beifügen:

2734 1720 2293 418 Einige in dem Aufſatz des Herrn Prof. v.

2715 1974 2336 322 Gmelin enthaltene  dürften wohl

4066 2064 75 52 ╕

2738 2157 2227 291 geaeußert werden: Ob auch nicht g ange_

2723 2404 2268 319 führt werden ſollte, „wenn das Gerücht ge_

2725 2623 1282 351 gründet ſeyn ſollte„?

2714 2846 1520 362 Herr Prof. Chriſt. Gmelin

4130 2757 619 267 und Schübler,

4204 2943 266 176 acc.

2724 3098 2318 331 Herr Prof. Feilmoser acc. mit dem Bemerken:

2754 3317 2284 349 das Hochmannſche Stipendium ſolle ein eige_

2691 3550 2345 348 nes Gebäude haben, worüber ſich ſchon öffters

2699 3753 2266 360 im Senat geaeußert worden ſey. Ob daher

2693 3974 2251 353 nicht jezt, da die Gerüchte den Werth der

2735 4212 2297 392 Häußer mindern und ein hinreichender Bau_

2717 4453 2297 365 ſand vorhanden, deshalb bei dem Miniſteri_

2716 4677 2304 387 um angefragt werden ſollte. Es würde ſich

2732 4951 2301 333 dann zeigen, was der Miniſter darauf ant_

2721 5152 454 235 worte.

2752 5314 2188 342 Hierauf wurde erwiedert: Es kön̄te die

2760 5559 2170 323 Antwort des Miniſterium ſo ausfallen,

2744 5754 2302 379 daß man noch nichts daraus würde ſchließen

2804 5949 475 283 kön̄en.

2720 6112 2376 436 Herr Prof. Scheuerlen: Etwas nach den bisherigen

2743 6370 1436 273 votis wäre zu aeußern

2759 6526 2321 381 Herr Prof. Rogge. dem Miniſterium wären

2768 6753 1295 288 die Gründe vorzulegen.

3528 6980 690 243 Conclusum:

2765 7113 2262 378 das Königℓ. Miniſterium zu bitten, wenn

466 923 1810 326 ╕ Rector: daß dieß ſo etwas auf

449 1111 1807 290 keinen Fall vom Senat ausge

470 1280 1748 306 hen kön̄e, ſondern Privatſache

490 1392 1688 291 des Einzelnen, der etwas der

466 1629 1286 252 Art ſchreiben wolle, ſey.

934 2100 84 62 ╕

652 1989 1596 374 die Fürſorge des Königs für die

671 2186 1268 301 Univ. rühmenden Punkte
