5305 8219
2757 417 2186 400 etwas thun ſolle, und ob gebeten werden

2799 696 2003 356 ſolle, den Senat darüber zu fragen?

2609 1031 2325 390 Herr Kanzler: Es wäre zu bitten, dem Senat

2624 1337 2237 331 zu erlauben, ſeine Anſicht vorlegen zu

2556 1540 491 290 dürfen

2584 1763 1019 307 acc. Dn. Prof. Fulda.

2607 1995 2297 389 Herr Prof. Schrader: Er habe geglaubt, man

2586 2257 2325 389 hätte ſchon früher etwas thun ſollen. Werde

2608 2519 2213 395 die Univerſität verlegt, ſo müße man

2604 2780 2202 418 ſich den Vorwurf machen, nichts gethan zu

2607 3029 2242 347 haben. Jezt ſollte etwas geſchehen; eine

2631 3294 2279 371 officielle Eingabe an das Miniſterium.

2620 3572 2308 376 Wenn noch verſchiedene Anſichten un_

2611 3831 2248 383 ter dem Miniſterium herrſchen, ſey

2597 4095 2253 350 er mit dem Antrage einverſtanden,

2588 4327 2325 368 und wünſche, daß die große Beſorgniß

2659 4626 1198 261 geaeußert werde.

2688 4822 2202 451 Herr Prof. v. Drey. Es ſolle etwas ge_

2674 5140 2253 271 ſchehen, aber nur eine Bitte an das Mini_

2676 5383 2303 407 ſterium, die Gründe vorlegen zu dürfen.

2634 5716 2185 367 Herr Prof. Steudel. Eine Eingabe an das

2614 5998 2344 466 Miniſterium, mit der Bitte um die Erlaub_

2641 6261 2335 415 niß, die Rückſichten, die ſich darbieten, dem

2675 6512 2216 406 Miniſterium vorleg zur Ken̄tniß des

2646 6739 1946 321 Miniſterium bringen zu dürfen.

2744 6972 2146 324 Ob man nicht etwas drucken laßen

2675 7189 2240 378 ſollte wegen Verlegung der Univerſi_
