5305 8219
4860 229 164 179 50.

2716 466 2303 364 Daure das Gerüch fort, ſo kom̄en die hieſi_

2735 711 2284 405 gen Bürger mit Klagen. Wollte man daher

2711 1007 2287 348 je etwas thun, ſo follte es jezt geſchehen.

2751 1280 2228 326 Weder der König noch des Miniſterium

2698 1557 583 278 ken̄en die

3115 1513 287 207 alle

3249 1558 1696 374 Bedenklichkeiten. Es ſey Pflicht

2715 1793 1900 397 darauf aufmerkſam zu machen.

2727 2100 2328 368 Eine Form die Sache anzubringen habe

2690 2352 1314 439 er für ſich aufgeſezt.

2741 2676 2273 364 Herr Kanzler: Nur nichts an den König,

2711 2972 2386 408 aber das Miniſterium wäre zu inſtru_

2668 3234 2311 356 iren, vor weitem aber demſelben nichts

2696 3518 2296 336 von Vorlegung an den König zu ſagen.

2724 3780 2269 391 Herr Prof. v. Gmelin wurde hierauf um

2719 4074 2017 356 Vorleſung des Entwurfs erſucht.

2756 4348 1103 305 Hierauf aeußerte

2729 4585 2304 308 Herr Kanzler. Der Bericht wäre nur an das

2757 4868 2267 283 Miniſterium zu richten und bei daßelbe bei

2738 5091 2241 363 den bekan̄ten Gerüchten um Erlaubniß zu

2748 5362 2322 321 bitten, ſich deſhalb zu aeußern zu dürfen.

2789 5579 2158 372 Herr Prof. v. Gmelin. Wenn der Bericht

2721 5856 2332 372 auch nur dem Miniſterium vorgelegt werde,

2757 6110 2306 336 ſo ſollte in demſelben doch auch etwas von

2726 6351 2247 370 dem Eingang ſeines Entwurfs angeführt

2720 6640 556 235 werden.

2724 6768 1672 358 Herr Rector fragte nun an:

2833 7060 2206 368 Ob überhaupt der Senat in dieſer Sache
