5305 8219
4844 235 192 159 166.

2628 592 2360 423 Morgen Nachmittag 4. Uhr die Aeußerung

2789 857 2291 326 des Herrn Oberbibliothekars zu erhalten.

2824 1103 2153 359 Sollte die gütliche Beilegung nicht ſtatt_

2836 1369 2106 323 finden, ſo ſollten ſämtliche Acten bei

2827 1574 2141 293 dem Senat circuliren und dann eine Se_

2796 1836 1810 293 nats Sitzung gehalten werden.

2619 2051 2423 357 3.) Ob nicht Herr Prof. Herbſt oder ein anderes

2653 2321 2247 312 Mitglied des Senats, etwa Herr Prof.

2645 2550 2267 360 Scheurlen mit dem Verſuch zur Güte beauf_

2629 2777 1170 273 tragt werden wolle.

3318 3040 368 170 Concl.

2735 3093 2236 400 Herrn Prof. Scheurlen um Uebernahme

2739 3383 2215 360 dieſes Auftrags zu erſuchen, da Herr

2753 3595 2128 464 Prof. Herbſt ſchon früher den Verſuch

2798 3896 1465 301 vergeblich gemacht habe.

2648 4103 2344 341 4.) Soll die Eingabe des Herrn Prof. Mohl

2706 4326 2175 306 dem Herrn Oberbibliothekar bei dieſer

2722 4579 1826 319 Gelegenheit vorgelegt werden.

3495 4848 408 196 Concl.

2866 4941 1487 325 Solle vorgelegt werden.

2612 5235 2192 471 Womit dieſe Sitzung beſchloßen wurde.

3183 5678 465 329 fid. t.

3647 5839 1017 357 Dr. C.G.Waechter
