5305 8219
4873 282 124 76 2.

2624 499 2371 375 Herr Kanzler: Es kön̄te geſagt werden;

2603 773 2362 316 Man erwarte, daß bei Regulirung des

2611 1006 2451 341 NormalEtats die Befoldungen erhöht werden.

2633 1281 2309 375 Herr Prof. Schrader: Für die An̄ahme. Es ſey

2613 1528 2396 418 aber etwas Schlim̄es für die Univerſität und

2609 1784 2370 466 daher Pflicht zu ſagen, man handle unbillig.

2645 2062 1988 359 Herr Prof. Wurm: Für die An̄ahme.

2617 2307 2403 368 Herr Prof. Steudel: Ebenſo; dabei aber halte

2601 2569 2321 385 er es für Pflicht zu ſagen, daß man von

2604 2819 2312 441 der frühern Berechnung der Naturalien

2620 3127 2356 369 herunter gegangen ſey, und deswegen hoffe,

2640 3390 2289 349 es werden bei Regulierung des Normal_

2659 3599 2349 462 Etats die Berſoldungen auf 1400. fℓ. beſtim̄t

2653 3881 2318 289 werden, damit man gute Lehrer bekom̄t.

2655 4113 2065 377 Herr Prof. Jäger: Es wäre zu ſagen

2757 4422 2186 341 a.) Unter den gegenwärtigen Verhält_

2763 4611 2179 327 nißen nehme man das Anerbieten

2876 4874 743 350 dankbar an.

2758 5028 2206 366 b.) Zu erklären, daß leicht zu erken̄en ſey,

2806 5293 2167 403 daß den frühern Erwartungen und Be_

2803 5567 2130 450 rechnungen nicht entſprochen worden ſey.

2800 5812 2290 366 c.) Man glaube, bemerken zu müßen, es werde

2818 6057 2202 332 beim NormalEtat eine höhere Beſoldung

2854 6301 2177 448 eintreten, damit man recht tüchtige Leh_

2900 6537 820 249 rer bekom̄e.

2669 6716 2211 404 Herr Prof. Chriſt. Gmelin: cum voto prox praec.

2669 6992 2404 312 Herr Prof. Scheurlen: Er habe geglaubt es werde

2679 7211 2348 424 die frühere Berechnung als Maasſtab angenom̄en
