5305 8219
3361 384 812 344 Genehmigt  †

2715 607 1062 329 Ebenſo der 3te Punct

2681 851 2257 406 Jn Beziehung auf den Schlußſatz des Schreibens

2679 1177 1130 284 wurde,  concludirt:

2790 1483 2238 368 Solchen wegzulaßen, und falls die eine oder

2820 1778 2111 380 die andere Parthie mit dem Jn̄halt des

2801 2008 2110 381 Schreibens nicht zufrieden ſeyn ſollte, ſie

2825 2266 2194 286 unmittelbar an das Miniſterium

2835 2449 2192 353 zu weiſen, ohne ſich von Seiten des Senats

2841 2642 1822 414 weiter in die Sache einzulaßen.

2655 2840 598 342 Noch wurde

3261 2903 631 349 beſchloßen

2783 3120 2268 361 den 2.ten Punct zum erſten und den erſten zum

2834 3377 1169 303 2ten zu verſetzen. †

2641 3596 2336 405 Während der Deliberation wurde von dem Herrn

2631 3797 948 358 Rector angefragt.

2784 4048 2189 326 Ob wann ein Mitglied verlange eine Wahl per

2775 4303 2231 281 Vota occulta vorzunehmen, der Rector daran

2740 4462 2206 428 gebunden ſey? und ob Herr Prof. Mohl ſich einer

2747 4751 1908 367 nochmaligen Wahl zu unterwerfen habe.

2692 5855 2339 505 Nach dieſem wurde von Herrn Rector noch fol_

2687 6100 1584 388 gendes in Vortrag gebracht.

2489 6358 2518 438 1.) Nach einem Reſcript vom 6/9. Mai ſey der Senat

2618 6590 2383 512 beauftragt worden, für die Wiederbeſetzung

2620 6861 2350 419 der erledigten Lehrſtelle der ThierArznei_

465 548 2161 371 † mit dem Beifügen, daß des Unterbiblio_

546 787 2017 417 thekar Tafel erſt nachher beſonders er_

565 1058 1059 332 wähnt werden ſolle.

280 3503 2310 427 † Von den Herrn Profeßoren von Eſchenmaier,

389 3746 2096 410 Kern, Baur und Schmid wurde noch Mitthei_

364 3967 2084 398 lung des heutigen Protokolls verlangt.

361 4249 2295 320 So viel ich mit erinnere, ſo war eben

368 4419 2317 351 derjenige Punkt, ob wohl Prof. Mohl

409 4661 2299 301 ohne eine neue Wahl in der Com̄iſsion

387 4792 2222 360 bleiben ſolle, ein Hauptpunkt des

394 4980 2315 347 Anſtoſses und mußte es auch für alle

423 5233 2202 345 diejenige ſeyn, welche früher auf

392 5402 2186 364 die Zurüknahme des Beſchluſses

404 5650 2289 363 geſtim̄t hatten. Wenn ich nicht ,

415 5920 2190 332 ſo ſtim̄ten für eine neue Wahl

409 6078 2057 352 auſser mir die HHℓ. Prof.

388 6359 2050 305 Michaelis, Kern, Bauer und

440 6616 520 219 Schmid.

1691 6613 670 217 Eschenmayer.

1690 6805 552 220 Michaelis.

1773 6960 505 254 Kern.

1755 7172 850 253 Baur. Mit der in

1260 7342 1437 235 dem Protokoll nicht bemerkten Erklä_

1210 7498 1494 196 rung, daß ich mir das Protokoll ebenfalls noch

1186 7591 1591 196 offen behalte, für den Fall, daß die Akten noch an das

1200 7714 1144 194 Miniſterium geſchikt werden.

2491 7675 1659 236 Ebenſo Schmid. Die Gründe auf welche er dieſes

4018 7760 118 60 ſein

4150 7730 851 190 Votum ſtützte, ſind aus

3341 7854 1090 100 der Beilage hier einzuſchalten
