4260 5213
3684 203 3878 374 51
293 317 1206 599 November 1911
745 551 3877 806 1.) Nachm. in Friedenau bei Richard. Bruno mittags begrüßt,
518 723 3841 875 der meine Ankunft nicht erfahren hatte. Vor 14 Tagen ist er aus„
468 837 3879 1014 gezogen, wie er kurz nach meiner Abreise nach Haus zurückge„
480 915 3973 1163 kehrt war. Wir lösen einander also sehr glücklich ab. Er ist jetzt
484 1076 3707 1311 Oberlehrer u. hat damit eine sichere Stellung, wie sie
487 1220 2262 1435 Richard und ich noch suchen.
728 1327 2573 1568 2.) Vorm. bei Branca, im Institut.
726 1457 3908 1719 3.) Besuche. Das Kultusministerium stellt 50000 M. in den
480 1618 4004 1846 Etat für Tendag.-Exp. ein, daraufhin viel Beratung mit Branca,
529 1764 3522 1921 25000 M. vor zwei Monaten wäre mehr gewesen!
1429 1882 3448 1985 Ich soll, ein populäres Buch über d. Exped. schreiben.
615 1945 3760 2096 Abend: Geselliger Tee im Frauen-Rote Kreuz-Verein. Unter
490 1978 3962 2192 andern Vorträgen singt Erna. Klar und schön. Freue mich dieser
494 2124 2522 2337 ihrer Gabe und daß sie sie verwertet.
777 2261 3283 2485 4.) Abd. Geograph. Gesellschaft: Wegner über China.
693 2389 3861 2647 Sonntag d. 5) Bei Seidenspinners, blieb zum Mittag u. Schach.
545 2573 817 2733 dort.
749 2667 3986 2871 7.) Nachm. bei Anton Heyroth in Lichterfelde, er kam erst gegen
567 2816 3904 3039 abend, ich erwartete ihn bei seinem jungen Weibe (wann bin
568 2935 2162 3174 ich so weit) u. ihrer Freundin.
726 3091 3793 3288 8.) Abends Zeltertafel. Richard spricht zum Gedächtnis des
513 3210 2397 3437 100. Geburtstags von „Integer vitae“
845 3281 3804 3572 Nachher Beide im A. N. M. V. Kennen keinen Aktiven
540 3480 3955 3689 mehr. Wurde mit Dr. Aron, der aus d. Philippinen zurück ist,
552 3582 3268 3826 zusammen begrüßt. Präsidium der Fidelitas.
716 3827 3744 3993 11.) Zum Tuisko, doch ist d. Ehemaligen vom Direktor der
556 3918 2827 4102 Besuch untersagt, ging daher bald wieder
524 4084 3948 4327 Sonntag d. 12.) Abends Gesellschaft bei uns zur Feier meiner
601 4246 3760 4408 Rückkehr u. Bruno's Anstellung: Herr u. Fr. Lorenz mit Sohn Edwin,
558 4413 4004 4635 Gertrud v. Sydow, Tanten Hedwig, Wiebcke, Liesbeth und Lucie mit Mann,
581 4571 3801 4773 Tischreden von Bruno, Richard, Lorenz u. mir. (nicht geläufig genug!)
