4260 5213
3722 178 3932 358 21
381 343 3766 595 schaft erst als technisches und architektonisches (d. h. in sich geschlossenes)
377 504 3852 778 Gebäude fertig zu stellen, ehe man über die Grenze einen Ver„
403 750 3961 928 bindungsgang hin u. her aufrichtet: „Daher muß sie ihre Grenze nicht
404 824 4021 1055 überspringen, um das, dessen Begriffe garkeine Erfahrung angemessen
414 964 3798 1182 sein kann, und woran man sich allererst nach Vollendung der
418 1147 3843 1333 Naturwissenschaft zu wagen befugt ist in sich selbst als einhei„
417 1242 2472 1520 misches Produkt Prinzip hineinziehen.“
644 1373 3616 1628 (Grade in der Unersetzbarkeit des Fehlversuchs kommt die
376 1598 3870 1730 Inferiorität der Natur gegenüber der menschlichen Intelligenz zum
355 1717 3786 1927 Ausdruck, womit die Möglichkeit der „höheren Intelligenz" schon fast
356 1885 1124 2083 ausgestaltet ist.)
567 1965 2920 2245 Es besteht also nur Analogie nicht Kongruenz.
566 2117 3826 2330 Die Natur erreicht das Fliegen oder sonstige Zweckmäßigkeiten
428 2270 3912 2491 gleichsam nur durch Entdeckung, nicht durch Erfindung, also zufällig,
415 2380 3808 2643 daher oft auch auf mannigfachen Umwegen. Sie geht Schritt für
424 2512 3926 2767 Schritt unter guter Ausnutzung aller Vorteile die das Gelände bietet,
438 2660 3899 2884 aber ganz gleich, welches Ziel sie dabei erreicht, wenn es eben
424 2839 3702 3069 nur aussichtsreich ist. Vom Springen Klettern zum Springen, vom
380 2878 4044 3175 Springen zum Gleiten, vom Gleiten zum unterstützten Gleiten (fliegende
368 3162 3870 3291 Fische, Nashornvögel, die sich immer wieder emporschnellen, um neue
356 3228 3998 3464 Gleitfläche zu erhalten), endlich zum Fliegen.) Nicht das Schwimmen„
348 3380 4053 3603 können ist Endabsicht bei den Wassersäugetieren, sondern das Fischen, jenes
380 3570 4043 3768 finden sie nur beiläufig auf dem Wege und nehmen es als g der
384 3728 4047 3932 Endabsicht günstig mit (Ablenken von der graden Linie; Rückkehren zum
405 3783 4034 4053 Lauf bei Vögeln, der scheinbare „Zweck“, das Fliegen bleibt unbenutzt)
688 3952 3826 4167 Als heuristisches Prinzip ist die Analogie angebracht, da der unsrer
406 4111 3832 4335 Betrachtungsweise geläufige „Zweck“ uns die Entwicklungsmöglichkeiten,
370 4222 4061 4500 jene Vorteile des Geländes in helles Licht rückt u. so die Umwandlungen
406 4380 3992 4672 als Wirkungen erkennbarer Ursachen (nicht als Mittel zum Zweck!) erkennen
398 4580 3929 4804 läßt (etwa wie man eine Elephantenfährte verfolgt und beobachtet, daß er
386 4714 2615 4965 sich lediglich den bequemsten Weg aussucht).
