4260 5213
3659 177 3833 361 55
258 525 3926 779 geboren wird, ist unfaßbar. Es fesselte mich von Anfang bis zu Ende
308 729 3999 946 u. erweckte den Wunsch es gleich noch einmal zu hören.
426 889 3846 1063 12.) Abends: Gebrüder Hackmann u. Gebr. Stöckhardt, so wie
362 1002 3764 1183 E. Schultze-Lindi hier. Gemütlicher Abend, Herr Schulze schien mir
362 1154 3893 1373 leider nicht recht warm zu werden. Photographieen gezeigt.
489 1288 3997 1491 13.) In Landesanstalt u. Völkerkunde-Museum Besuche gemacht,
427 1441 1641 1661 niemand getroffen.
536 1504 3778 1767 14.) Abd. Mit Mama u. Liesbeth im Marcell Salzer-Abend in
389 1708 3791 1905 Friedenau. Mit seinen Humoristischen Vorträgen u. seiner
402 1903 3822 2114 gemütlichen großen Vortragskunst hat Salzer eigentlich eine
415 2059 3748 2269 ganz neue Kunst geschaffen, die mich ungemein anspricht.
507 2182 3908 2413 Lieder zur Laute von einer Dame, deren Stimme leidlich,
498 2294 2875 2518 deren Biedermeier-Kostüm unleidlich.
539 2468 3955 2632 16.) Abds. wieder mit Herrn Schulze im Konzert der Musikhochschule:
412 2600 1997 2840 Oktett, Trio u. Solo-Sängerin.
277 2793 3982 3003 Sonntag d. 17. Nachm. in d. Urania zu Lichtbildervorführung von Kinema„
377 2901 3980 3120 tographischen Tieraufnahmen aus der europ. Vogelwelt u. afri„
421 3053 3842 3288 kanischem Großwild, ganz überraschend prächtige Sachen vom
444 3223 3910 3393 Nestleben aus nächster Nähe erlauscht, dann ein anstürmendes
422 3373 4008 3558 Nashorn — o Wahnsinn! — aus 12 m. photographiert im Vertrauen
419 3490 3775 3703 auf Büchse des Begleiters, als Höhepunkt aber eine Jagd
404 3590 3954 3788 von Massai's auf einen Löwen in offener Buschsteppe u.
414 3768 3995 3996 seine Erlegung mit Speeren auf 40 m. Entfernung! Derartige
378 3884 3919 4158 Wunder Jedem zugänglich, man möchte an der Möglichkeit
408 4038 3852 4260 immer noch mehr zu bieten verzweifeln. Und d. Saal fast
418 4189 3972 4425 leer! Freilich die andern Kinomatographen und Spezialitäten„
417 4355 3376 4562 theater können sich nicht retten vor Besuchern.
741 4519 3948 4763 In der Stadt etwas gebummelt, dann in's Charlotten„
