4260 5213
353 234 519 432 38
365 564 3918 820 gefahren. Schöne Straße, wenn auch traurig öde, durch kl. Fels„
392 758 3799 972 schlucht wieder dem Meere zu, durch d. alte Stadt Aden, die
396 893 3954 1048 höchst interessante, charakteristische Bilder weist. Wasserstau„
442 997 3906 1262 werke imposant u. durch ihre Entstehungsgeschichte gleichsam
421 1181 4018 1372 wie eine Vergegenwärtigung alter römischer Kolonialarbeit.
435 1324 3837 1482 Kein Tröpflein Wasser darin u. wohl überhaupt selten in
452 1435 4041 1639 Tätigkeit, da Regenmenge ganz gering. Klimaänderung in
429 1571 4001 1854 historischer Zeit? Andern Weg durch Tunnels zurückgefahren.
427 1749 4003 1993 Die Arbeit d. Engländer zwingt zu Hochachtung, scheint hier
419 1932 3964 2146 beinah verschwenderisch. Feste Gänge im vulkanischen Tuff,
445 2051 4007 2304 hatte aber nicht Zeit zum Sammeln. Die Unterlagerung
449 2216 4011 2438 durch rezente Muscheln war wohl ein Irrtum bei d. Ausreise.
481 2317 3990 2583 Abfahrt erst gegen 5. Wundervolle Kulissen diese Berge.
708 2480 3923 2739 9 Oct. Morgens Inselgruppen vulkanischer Natur etwa in
479 2679 3841 2826 d. Straße Bab el Mambeb. Rötliche Dämmerung liegt
511 2760 3846 3009 wie Dunst darauf u. doch ist die Luft klar. Starker
470 2915 4005 3115 Verkehr in dieser Straße. Ich merke mit Verwunderung u.
504 3084 4008 3313 Bedauern, daß weder der Abschied v. Afrika noch d. Heimkehr
502 3297 4046 3465 mich irgendwie in Spannung od. Erregung versetzt. O mein
502 3366 1612 3607 gräßliches Fischblut.
662 3507 3879 3804 10 Oct. Morgens 6 Uhr ging ein Heizer absichtlich über
506 3666 3870 3929 Bord, als er zum Dienst sollte. Es ist so heiß, daß ich auf
521 3834 3843 4032 d. Frühstück verzichte, wie muß es im Heizraum sein,
525 4000 4047 4152 wenn d. Furcht vor d. Leben größer werden kann als
539 4132 3863 4386 d. Furcht vor d. Tod! Es wurde sofort gestoppt u. ein
508 4314 3755 4579 Bot ausgesetzt, aber vergebens. Haifische? Unter d.
