4260 5213
340 201 532 393 58
504 602 3890 815 22. Dez. Einkäufe gemacht, obwohl das meiste noch von der
772 708 1815 940 Reise mitgebracht.
427 822 4003 1103 23. Abends mit Bruno u. Bekannten im Kafe des Westens.
380 1060 3651 1360 Sonntag d. 24. Dez: Vormittag gemalt (Lutamba-See)
788 1372 3923 1619 Heiligabend! O schönes deutsches Fest in deutscher
500 1622 3955 1844 Heimat und im Schoße der Familie. Die 2 Tage 1909 u. 1910
449 1728 3791 1973 rechne ich als ewige Verluste. Nachm. bei Großmama, die
502 1896 3929 2077 leider ständig recht apathisch, wenn auch sonst körperlich wohl
509 2083 3935 2250 ist. Nachher Bescherung bei uns. Tante Lisbeth anwesend.
527 2168 3879 2434 Schenkte Mama u. Erna Stoffe u. Decken u. s. w. als Reisean„
541 2319 3848 2502 denken. Erhielt von Bruno prächtige Amateur-Photographieen-
545 2481 3378 2651 Sammlung aus Italien. Fröhlich gespielt („Schnapp“)
588 2633 3992 2814 25. Dez. Meine Reise-Photographieen in neue Albums ein„
560 2790 1174 3013 geordnet.
775 2891 3839 3120 Abend: Alle bei Richard u. Lisbeth in Friedenau.
631 3082 3223 3277 26. Dez. Photographieen weiter geordnet.
738 3237 4028 3431 Besuch bei Trendelenburg's gemacht. Eltern u. Schwestern
588 3366 3635 3622 nebst Heim kennen gelernt. Sie öffnete die Tür,
618 3553 3868 3739 sei's glückliche Vorbedeutung. Von der Treppe hatte ich
617 3638 3743 3802 reichlich lautes Lachen der Mädchen gehört, finde alle
622 3772 3762 3998 frisch und natürlich. Möchte gern hier ein und aus
624 3957 3747 4171 gehen. Die Schwestern gefallen mir freilich weniger, sie
605 4094 1603 4275 mir desto mehr.
775 4169 3958 4470 Nachm. Pfennig's, die Tanten, Rich. u. Lisbeth nebst Kindern
628 4392 2540 4621 bei uns, auch zum Abendbrot.
