4260 5213
324 221 544 439 60
308 569 3966 722 die große Bitte um feste Lebensstellung, dann will ich schon für's
375 735 3953 948 übrige sorgen. Ich weiß freilich nicht, woher es die nehmen sollte,
388 837 3802 1085 ich sehe zunächst in's leere Nichts und keine Möglichkeit aus
433 996 3739 1176 dem Nichts Etwas zu schaffen, außer in 8 und 10 Jahren.
396 1182 3869 1372 Nein solange kann ich nicht warten, mein Lebensplan
461 1318 3803 1485 wäre damit durchlöchert. 10 Jahre habe ich es getragen und
478 1502 3694 1677 gern getragen. Länger zu warten, wäre Versündigung an
450 1575 3816 1789 natürlicher Pflicht. Organe, die nicht zur Ausübung gelangen,
465 1748 4047 1946 müssen verkümmern. Giebt mir unsere wirtschaftliche Gesellschafts„
497 1865 3913 2131 lage nicht die Möglichkeit zu regulärer Ausübung, so muß
497 2009 3889 2273 es „natürliche“ sein. Das bin ich mir schuldig. Ich habe mich
502 2177 3812 2386 auch drüben noch frei gehalten, von jetzt ab täte ich es nicht
485 2337 3869 2545 mehr. Befriedigen freilich kann mich, darüber bin ich nicht
501 2461 3929 2663 im Zweifel, lediglich ein wahrer Herzens- u. Geistesbund,
494 2605 4003 2794 und zwar nur noch jetzt. Ich wünsche mir ein frisches, junges
487 2780 3956 2948 Weib, der Altersunterschied darf aber nicht zu groß sein, es
516 2893 3908 3138 ist nun bald der letzte Termin. Und ich sehe und sehe keine
485 3034 3782 3197 Hoffnung. Ein schönes Arbeitsgebiet ist mir als seltene Gabe
508 3235 4004 3416 in d. Schoß gefallen, aber selbst bei bester Ausnutzung kann
529 3349 3926 3560 ich Früchte erst nach vielen Jahren ernten. Das ist das erste
502 3521 3719 3669 Hindernis für meine Träume vom kommenden Jahr:
738 3613 3932 3813 Habilitation - Verlobung - Herauskommen des Jesus.
456 3817 3739 4025 Na wir wollen uns in einem Jahre wiedersprechen!
