4260 5213
3699 242 3847 312 53
346 312 1073 569 Dezember:
552 517 3799 782 1.) Abends mit Erna zum jour fixe bei Frl. Hoppe. Musiziert.
403 751 3732 917 Sonntag d. 3: Nachm. u. Abd. Familie in Friedenau, da Richard
442 856 3923 1089 morgen auf 14 Tage zu Vorträgen nach Petersburg und Moskau
439 999 780 1221 fährt.
568 1127 3814 1346 6.) Abd. Geolog. Gesellsch. 2 schlechte Vorträge mit viel übler
434 1314 4049 1499 Polemik. Ich zum Schriftführer gewählt. Lade mir zu allen andern
433 1478 4025 1671 Arbeiten dies Amt auf, um Stellung zu gewinnen. Ich muß jetzt
475 1570 3850 1821 am geolog. Himmel ein bischen „Aufgehen“ inszenieren, da es
468 1717 1928 1944 nicht von selber kommt.
739 1811 4013 2010 In d. Nachsitzung erfahren, daß Kolonial-Geologie in Hamburg
519 1950 3964 2145 konzentriert wird u. jede Kolonie einen etatsmäßigen Geologen
503 2072 4008 2242 erhält. Nach Ostafrika Herr Scholz. Das ist mir nun durch meine
515 2194 3859 2424 Abwesenheit vielleicht schon entgangen, wenn es auch nicht
522 2359 1504 2501 mein Ideal ist.
593 2475 3784 2693 7.) Mit Mama u. Erna in d. Lichtspielen (Kinematograph)
521 2617 3905 2819 am Stollendorfplatz. Schlechtes Programm, hatte auch technisch
561 2740 3941 2975 schon höhere Vollkommenheit erwartet. Hatten ursprünglich in
565 2872 3962 3127 die Oper (Mignon) gehen wollen, es dann aber wegen Heiser„
543 3046 2363 3270 keit Ernas wieder aufgegeben.
575 3191 3895 3397 9.) Abends mit Herrn E. Schulze-Lindi auf Freibillets im Konzert
521 3363 3984 3544 der Musikhochschule: 1. u. 2. Symphonie v. Beethoven. Leider durch Ermüdung
539 3466 2653 3668 ein wenig gehindert, dennoch reicher Genuß.
258 3554 3989 3805 Sonntag 10:) Nachm. Mittags allein zu Branca u. Frau geladen. Meine Zukunfts„
636 3713 3951 3956 pläne sind leider noch immer sehr schattenhafter Natur. Eine
603 3872 3968 4062 Kustosstelle ist nicht bewilligt worden, würde auch vermutlich
620 3992 3963 4174 mit außerord. Professur f. Palaeont. vereinigt werden, also nicht
605 4106 3874 4265 mir zufallen können. An d. Landesanstalt ist z. Z. kaum anzu„
589 4247 3928 4440 kommen, auch wäre mir das keineswegs restlos sympathisch
611 4384 3866 4571 immer aus d. Gesichtspunkte heraus, daß ich möglichst bald
