4260 5213
3664 219 3894 408 29
296 608 3958 812 bekommen, ich konnte es durch viele kleine Bäume u. Bambus trotz des
289 712 3972 891 Steppencharakters nur zuweilen sehen, geschweige denn Schießen. Zum
322 851 3964 1040 Glück konnte es nicht sofort abgehen, weil eben auf der andern
325 1002 4050 1152 Seite eine Wangoni-Safari mit Hörnerblasen hörbar wurde. Ich wagte
324 1166 3958 1362 deshalb andrerseits auch nicht zu schießen, wenn d. Tier durch eine
339 1270 3996 1456 Lücke sichtbar wurde. Jetzt waren's zwei, dann scheinbar drei, sie
333 1424 3967 1597 trabten ungewiß hin u. her. Endlich legte ich knieend an wieder
371 1550 4008 1745 mit 200 m.-Visier u. Stecher. Durch eine schwache Lücke hindurch schoß
369 1710 3984 1925 ich u. war wieder üb. d. prompte Wirkung erstaunt, es kam
403 1896 4000 2073 kaum noch vom Fleck, dann war es erledigt. 1 m. zu hoch zu
389 2012 4078 2267 schießen hätte den Wangoni gefährlich werden können u. es war
396 2165 4029 2397 vielleicht Leichtsinn, aber soweit sicher fühle ich mich doch auch
418 2280 3987 2502 bei dieser Entfernung, im allgemeinen schieße ich eher zu
381 2459 3922 2634 tief. Mich freut's den Leuten noch diesen Abschiedsschmaus
430 2605 3534 2802 bereiten zu können. Es war ein starkes Männchen.
610 2769 3825 2986 Am Graben kommen mir d. Praeparatoren mit dem
400 2904 3831 3071 Angebot zuvor heut bis Abend durchzuarbeiten u. auf d.
390 3059 3826 3207 morgigen Sonntag zu verzichten, um nicht allein zurück„
386 3166 3849 3383 bleiben zu müssen. Ich versprach natürlich die Überstunden zu
388 3369 4016 3545 bezahlen, sandte ihnen aber außerdem unangekündigt mittags
387 3495 3965 3742 ein Reisgericht u. frisches Fleisch. Die größte Freude bei derglei„
387 3673 3285 3900 chen empfinde ich glaube ich selbst. Poscho.
609 3873 4026 4022 Abends etwas zum Jesus. Täglich im Kant gelesen, aber auch
453 3949 3968 4115 viel Müßigkeit. Endlich kommen Träger — 13 Mann! Und
466 4084 3069 4331 einige 40 Lasten sind schon jetzt überzählig.
609 4222 3687 4491 Sonntag d. 17. Sept: Auch mit Überstunden wird der
535 4395 3834 4670 Graben noch nicht ganz erledigt, aber ich kann doch nun
