4260 5213
285 237 464 488 44
259 522 3966 787 War erstaunt sie so klein, die Straßen so eng, den Verkehr nicht
287 721 3851 900 reger zu finden im Zentrum einer Welt. Aber mit Freuden
304 851 3942 1106 fühlte u. sah ich überall die persönliche Note dieses seltsamen
303 1023 3827 1168 Stadtbildes und den Odem seiner Geschichte. Abends zum Korso
362 1169 3903 1366 im Park bei Musik, ein prachtvoller Blick des heutigen Lupus,
384 1304 3734 1502 der sich neben dem der Kaiserzeit nicht zu verstecken
349 1443 3927 1651 braucht. Nirgend wie in dieser Stadt der Alten könnte ich
405 1596 2127 1845 die Moderne so genießen.
591 1756 3862 1933 Sonntag d. 22. Oct. Durch neue Straßen mit immer neuen
416 1900 3949 2033 typischen Bildern nach St. Peter. Gottesdienst wenig berückend. Dann
423 2033 2827 2268 zum Forum. Hier kam ich in eine selten
2802 2069 2873 2126 so
2827 2043 3914 2254 gefühlte Genußstim„
445 2239 3900 2371 mung, eigentlich wider Erwarten. Leider zum ersten Male
435 2322 3871 2515 keine Sonne (Brief an Mama). Dennoch prachtvolle Bilder, so
427 2539 3918 2715 daß ich am liebsten längere Zeit zum Malen hiergeblieben
443 2673 3957 2874 wäre. Abends wieder zum Korso. Mich freut herzlich
461 2844 3970 2994 wieder der Anblick der Europäerinnen, den ich in Kilwa schon
464 2970 3758 3163 zu vermissen begann. Leider so lange Abende, die den Tag
492 3098 936 3307 kürzen!
636 3267 3930 3454 23. Oct. Morgens Droschke zum Tor nach 5. Zu Fuß die Via Appia ent„
478 3365 3914 3554 lang, etwas enttäuscht durch Entfernung und Mauereinfriedi„
476 3536 4026 3753 gungen, aber entschädigt durch Blick in die Campagna. Recht warm.
455 3689 3978 3892 Zu Fuß bis St. Peter zurück. Im Vatican: Loggien u. Stanzen von Raffael,
451 3832 3996 4033 Sixtinische Kapelle, Landkartenzimmer. Eine Unsumme von Können ist
460 3960 3897 4191 hier konzentriert durch den Reichtum. Mich verblüffte vor allem die
436 4088 4000 4340 Plastik der Deckenmalerei und die unerschöpfliche Erfindungskraft,
501 4293 3837 4475 die sich mit der Anregung der dürftigen heiligen Schrift und der
212 4366 2893 4634 griechischen Überlieferung genügen läßt.
742 4494 3876 4780 Dann zum Hotel und zur Bahn: Fahrt nach Florenz. Wie
