4260 5213
3674 241 3905 452 11
320 376 3646 660 Versuche zu Darstellungen der Geländeformen Kilwa-Lindi in
287 571 3847 806 Blockdiagrammen. Komme über die Vorgeschichte noch immer nicht
310 703 1144 927 ganz in's Klare.
464 831 3871 1098 14. Aug. Dicht hinter Kiwala wurde mir eine neue Knochenstelle gezeigt,
322 1007 4047 1179 zwar alles schlecht, aber reichlich u. möglichenfalls in d. Hügel mehr. Setzte Gräben
318 1114 2738 1347 an. Aufsatz üb. Namengebung in Deutsch-Ostafrika.
478 1256 3840 1491 15. Morgens auf Riedböcke gegangen. Ein Pärchen sprang auf u. blieb
346 1419 3878 1634 auf weiter ziemlich freier Fläche stehen. Während ich auf große Entfernung an„
363 1534 3992 1708 legte, zog ein Wolkenschatten vorüber, in dem ich d. Tiere verlor, ohne dann
358 1680 4037 1909 auch nur d. Geringste von ihnen wieder zu sehen. Ging dem Feuer
369 1836 3984 2056 nach. Interessanterweise war es am Rande von Steppe u. hochstämmi„
375 1991 4049 2154 gem Walde erloschen, der seinerseits durch die ausbeißende Korallen„
387 2110 3942 2315 kalkschicht bedingt wurde, denn darauf lagern Sande, auf denen
379 2227 3967 2503 sich nur Pflanzen mit tiefgreifenden Wurzeln halten können. Ging
409 2465 3938 2627 noch weiter in d. Wald, sah Hartebeester u. schoß. Das Tier ging leider
401 2572 3842 2788 schwer weidwund auf große Entfernung ab. Es war mehrfach gefallen,
389 2658 3963 2924 zweimal trafen wir es noch, dann waren die Spuren im Grase
423 2876 3913 3071 endgiltig verloren, Blut kaum zu sehen, es ist gräßlich. Auf dem
416 3007 3985 3216 Rückweg ein prächtiger Anblick: kahl gebrannte Fläche mit frischem Rasen
416 3100 3902 3312 bedeckt, darauf 2 sich frei bewegende äsende Hartebeester. Unser
401 3298 3892 3489 Getreide war nahezu erschöpft, ich mußte den Leuten etwas
435 3396 3953 3572 schießen u. schlich mich an den Bock, während das weit fortstehende
385 3560 3991 3742 Weibchen mich scharf beäugte u. jeden Augenblick den Warnungs„
388 3674 4017 3875 ruf ausstoßen konnte. Nun sah ich plötzlich eine ganze Herde, darunter
399 3817 3867 4007 ein mächtiges schönes Gnu, das ich gern gehabt hätte; aber alle
405 3965 4035 4143 beobachteten mich unruhig, so ließ ich mich denn nicht ablenken
385 4082 3853 4271 u. erlegte auf beträchtliche Entfernung glücklich meine Beute.
590 4244 3942 4446 Hatte mehrere Leute nach Kilwa geschickt, um uns auf alle Fälle mit
362 4402 3783 4632 dem dortigen, sehr teuren Getreide zu versorgen, sowie 3 Mann nach
