4260 5213
3732 197 3977 398 17
336 356 3633 693 allerhand gesehen, ohne auch nur zu Schuß zu kommen. Jesus.
604 599 1444 864 Landschaftsformen.
485 777 3860 1043 28. Aug. Vorm. nach Muazi, wo neuer Knochenfund gemeldet war,
395 951 3976 1215 aber unbrauchbar u. viel Gras, natürlich bedeckt, so daß an brennen nicht
389 1076 4083 1343 zu denken war. Auch keine Möglichkeit dem von Kudu's angeblichen besetzten
434 1231 2174 1467 Teil des Pori näher zu kommen.
527 1390 3770 1571 Fand zu Haus Nachricht von Janensch vor, daß unser Geld nahezu
438 1534 3991 1763 erschöpft ist u. wir abrüsten müssen, ich vor allem. Bin sehr überrascht
451 1692 3785 1904 aber auch erfreut, denn ich versitze hier in Afrika zuviel Zeit von
449 1816 4016 2012 meinen besten Jahren u. zumal in Makangaga ohne landschaftl. Reize
441 1986 3972 2234 sah ich der heißen Zeit mit gemischten Gefühlen entgegen, während
468 2109 3928 2365 ich zu Haus schon weiß, was ich anzustellen haben werde. Ich
449 2288 3730 2510 muß dann auch versuchen eine zweite Kustosstelle an unserm
432 2431 1814 2695 Museum herauszuschlagen.
563 2533 3930 2790 29. Aug. Gehe mit Macht an d. Abheben der Halswirbelsäule. Wäre
415 2723 3998 3002 sie nicht, so ginge es stracks nach Kilwa u. Europa. Nochmals gezeichnet.
461 2888 4024 3086 Aufsatz üb. Landschaftsformen flüchtig fertig gestellt, um ihn Janensch u.
446 3089 2869 3288 Staff als Basis einer Diskussion zuzusenden.
451 3201 4076 3374 30. Aug. Begonnen Knochen zu verpacken. Telegramm für Mama
436 3355 3428 3578 nach Kilwa geschickt, um noch persönliches Geld zu erhalten.
522 3565 3988 3727 Aus Kilwa Zeitungen erhalten. Kleines Feuer, dem auch Tuch u. etw. Getreide
3347 3427 4026 3603 zum Opfer fällt.
502 3643 3877 3811 31. Aug. Morgens in Dalakasha-Gegend, um ein Gnu, auf alle
427 3789 3994 3971 Fälle aber Fleisch für d. Leute zu schießen. Bekam nur ein
414 3963 3908 4149 Riedbock-Weibchen. Schieße in letzten Tagen schlecht, sehe aber
451 4078 3329 4318 auch wenig. Mittags zum Graben. Lohnzahlung.
553 4242 3646 4426 1. Sept. Morgens durch's Pori, nichts gesehen, zum Graben.
441 4401 3711 4597 Landwind ziemlich kräftig, wie öfters in letzter Zeit, dazu heut
470 4502 3908 4731 ganz wolkenlos, aber rötlich-dunstige Luft. In letzter Nacht heftiger
417 4657 2114 4837 Wind. 4 Knochenlasten nach Kilwa
650 4744 3916 4986 Erfahre, daß Telegr. nicht abgegangen, da Leitung durch Elephanten zerstört.
