4260 5213
3668 204 3892 400 41
270 563 4046 774 an Deck, wundervolle Stimmung über der Bucht im Mondschein
306 799 3570 950 mit der Silhouette des Vesuv, links glitten die Lichter
316 886 3791 1124 unaufhörlich langsam vorüber. Dann leise dämmernd
356 1057 3922 1274 der Tag. Einfahrt in den Hafen neben einem menschen„
381 1179 3854 1406 erfüllten Italiener (Tripolis-Sendung?) Von Krieg keine
412 1332 3938 1527 Spur. An Land u. durch d. Zoll ohne Schwierigkeit. Nahm Wagen zum
374 1470 3726 1693 Hotel, aber 3 Männer hielten ihn an, um noch 4 M. für einen
365 1584 3876 1818 angeblichen Gepäckträger zu erpressen, der Hoteldiener dolmetschte, auch
401 1711 3862 2001 ein Wechsler war für Notfälle dabei, großartige Organisation. Es
401 1942 3926 2124 war offenbarer Raub am hellen Tage auf d. Straße — und links
403 2045 3905 2281 neben dem Wagen stand der Polizist. Wegen Mangels an
382 2163 3963 2434 Sprachkenntnis mußte ich kapitulieren. Wir wären also wieder
336 2359 3185 2573 im kultivierten Europa! Logis im Hotel Müller.
593 2505 3717 2721 Im Aquarium u. im Stadtgewühl, um Einkäufe zu machen.
282 2626 3658 2834 Wunderschöner piazza Vittoria. Gegen Abend mit elektr. Bahn zum
344 2747 3915 3002 Posilippo, auf der Chaussee weiter gegen das Kap zu. Ganz kostbare
357 2892 3872 3134 Villen und Gärten am Steilufer über dem Meer, Rückblick auf
334 3103 3705 3292 Stadt und Vesuv. Eine Italienreise fällt noch zum Schluß als
400 3210 3859 3420 Zugabe ab! Rechts aufwärts, leider stets zwischen Mauern u. sehr
358 3405 3794 3585 staubig, auch noch verflucht heiß! Einige Blicke auf die nach
302 3473 4003 3750 N. anschließende Küste und das zerrissene Land. Sehr malerischer
352 3652 3658 3895 Abstieg durch steile, echt italienische Straße mit Schafherden,
384 3787 2864 4038 Murillo-Knaben und reizenden Blicken.
609 3963 3923 4169 In der Salleria Umberto einen Kinematographen aufgesucht,
332 4087 3935 4274 wo Lichtbilder vom Kriegsschauplatz (arab. Reiter, Torpedoboote u.
321 4316 4046 4479 dgl.) gegeben wurden, um das Publikum dabei zu beobach„
371 4442 3694 4638 ten. Wenn der Eindruck richtig war, ist das Volk gänzlich
