4260 5213
3684 224 3896 391 13
345 490 4003 673 Anstrengung in d. glühenden Sonne zu übertreiben u. mußte
346 663 3915 836 wieder einmal ein armes Tier in physischer Qual u. seelischer
363 763 3911 934 Angst, die es mir verdankte zurücklassen. Aber das ist nur zu
355 855 3839 1082 vermeiden, wenn man die Jagd ganz läßt u. ich glaube,
384 1014 3657 1240 nicht, daß eine Pflicht das fordert. Wir sind Raubtiere!
404 1163 2383 1403 Noch über 1 Std. Rückweg zum Lager.
561 1310 3739 1546 17. Aug. Nach Mitore am Matandu, über Luembe-Kipupuru. Am
334 1438 3997 1634 Wege eine neulich gefundene Knochenstelle besichtigt, rechts des Malonda,
355 1615 3920 1801 als Vorkommen interessant, aber an sich unbrauchbar. Überall unge„
325 1779 3904 1922 branntes Gras, im Malonda-Tal Schamben. In Luembe unter Palmen u.
318 1911 3759 2064 Mangos gerastet; schönes Rauschen in den Blättern, willkommener
346 1983 4004 2197 Trunk in den Früchten! Auf „barrabarra“ (schlecht genug gereinigt) bis zum
319 2170 3874 2326 Akiden in Mitore. Ali morgens mit meinem Führer Mfanme mit
326 2221 4003 2451 Flinte ausgeschickt, um d. armen Hartebeest den Rest zu geben. Zum Glück
323 2373 3921 2638 fanden sie es auch, obwohl d. Tier nachts nicht stillgelegen hatte, sondern
348 2513 4033 2709 immer kurze Strecken sich weitergeschleppt hatte, und Ali gelang es, es mit
330 2645 4061 2839 einer Kugel sofort zu töten. Er berichtete mir, als er spät abends ins Lager kam,
346 2834 4054 2945 nicht nur das Hinterbein sei zerschossen gewesen, sondern auch ein Vorderbein
356 2899 4009 3094 u. eine Kugel sei durch den Leib gegangen. Es ist entsetzlich; aber wenn
379 3001 3953 3205 damit ein Tier im schärfsten Galopp durch dichtestes Dorngestrüpp rast u.
353 3146 4014 3313 kaum ein Tröpfchen Blut zu sehen ist, wenn es immer u. immer wie„
348 3257 4011 3455 der aufspringen kann, dann muß ich meine körperliche gänzliche Inferi„
331 3394 1141 3572 orität bekennen.
448 3448 3985 3698 Mitore prächtig in Palmen und Mangos, aber auch unmittelbar zwischen
357 3639 3918 3812 wildem Gras. Auf kleinem Vorsprung des Talrandes gelegen, untere Hälfte
394 3777 3960 3995 offenbar Saurierschichten, obere interessante Flußsandablagerungen mit
404 3914 3882 4144 rötlichem lehnigen Sand darauf. Bornhardt hat schon richtig gesehen!
389 4070 3954 4245 In sumpfartiger Erweiterung des Matanda. Kibokos, aber nicht
376 4242 4079 4465 heranzukommen, im Fluß recht wenig, wenn auch fließendes Wasser.
369 4344 4072 4606 Trocken-Mäander voll abgeernteter Reisfelder u. Bananen, sonst Mtama.
