4260 5213
391 216 593 354 14
368 391 3832 727 Besiedelung freilich nicht so stark, wie ich erwartet hatte. Ver„
412 590 3800 884 pflegung machte Schwierigkeiten, außer anfangs, wo die Leutchen
397 775 3813 981 meine Aufforderung zur Marktversorgung als strengen, Befehl
386 913 3891 1085 aufgefaßt hatten u. jeder ein Scherflein brachte - als Tribut.
347 1075 4019 1315 Als ich sie darüber aufklärte, ich sei kein Räuber, wurden sie merk„
349 1172 4029 1458 lich kühler, ich hörte auch Unterhaltung darüber, daß „sogar“ der
360 1343 4000 1607 Bezirksamtmann bezahlt habe. Wir haben noch viel Mission
374 1524 3939 1799 zu treiben, freilich wohl zuerst unter uns, da solche Zustände
348 1752 3374 1975 sicherlich ausgenutzt werden. Akidah nicht zu Haus.
687 1957 3996 2140 18. Aug. Früh auf Barrabarra weiter 1½ Std. bis Jumbe Hamide
467 2023 3925 2297 am Unterende des Maliwe-Sees. Jagdstreife um den ganzen
393 2192 3994 2407 See, zunächst durch schöne freie Steppe mit viel Kiboko-Wegen
406 2368 1917 2614 in nur kniehohem Gras
1857 2335 2383 2493 auf W.-Seite
1869 2347 3876 2574 , aber kein Wild. Schönes Landschaftsbild
396 2557 3840 2776 am ruhigen See. Zwischen Schilf sumpfiger Rand mit Wasser„
374 2647 3840 2909 lachen u. schwarzen Störchen, im offnen Wasser, freilich ziemlich
367 2795 3848 3013 entfernt überall die schwarzen Streifen der Kiboko-Köpfe,
372 2955 4007 3194 Palme auf vorspringender Landecke, drüben waldiges Ufer. Leider viel
351 3088 3893 3302 Wolken. Am oberen Ende über den trockenen Likandanguare auf
345 3248 3965 3542 höheres Ostufer des Sees, hier lichter Wald. Dann ein alter Talboden
347 3419 4100 3678 von Osten her, seltsam unterbrochen von 2 steilen Bergen (Nakahamba)
320 3559 4047 3867 aus nur neuem Gestein. Schoß ein Schwein, Wasserbock nach langem
341 3761 3937 4046 geduldigen Beschleichen u. Beobachten ohne Erfolg auf sehr große Entfer„
349 3993 3959 4193 nung beschossen. Es war 11 geworden u. noch weit. Etwas Busch
393 4077 4073 4349 zwang zu Umwegen. Dann am Ufer über hohem Schilf Silhouetten
377 4250 4052 4470 von Elephanten. Da der Wind grade auf sie zuging, war mir
367 4381 4005 4613 nicht ganz heimlich zu mute, aber man überschätzt immer
