4260 5213
3673 193 3902 385 43
307 528 3890 801 zu kurz, aber für meine Verhältnisse zu teuer, auch fühle ich mich doch
309 731 3965 883 nordwärts gezogen, obwohl leider Mama u. Erna nicht entgegenkom„
292 923 4003 1098 men „wegen schlechten Wetters“. Und hier blüht der üppigste Sommer.
311 1073 4022 1235 Allenthalben frisches Grün, die Leute auf den Feldern beim Bestellen.
352 1126 3820 1393 Eigenartig die Weinranken-Wände zwischen weitstehenden
370 1363 3751 1546 Bäumen als Zwischenkultur der Felder. O was hat selbst
390 1466 3968 1623 dies unzivilisierte Volk im Laufe der Jahrhunderte an Kultur
423 1605 3887 1806 geleistet, u. wären es nur die aufgeführten Mauern; welch eine
414 1790 4061 1984 Unsumme von Arbeit. Indessen mir scheint Kultur zu wesentlichem
456 1922 4036 2116 Teil auf Bevölkerungsdichte, nicht allein Geistesanlage zu beruhen.
418 2036 3795 2264 Schöne Bilder in der Campagna; eigenartig großgehörntes
428 2187 3974 2403 Rindvieh: Der Schnellzug hat natürlich bald 2 Std. Verspätung,
433 2393 3814 2570 so daß ich in Rom mit dem schwindenden Tag nicht mehr
459 2494 3950 2720 viel anfangen kann. Ich hatte des Tages auf der Via Appia
446 2604 3022 2865 gedenken wollen. Logis im Park-Hotel.
553 2777 3522 2973 Abends in der Oper „Cavalleria rusticana“ und
433 2898 3741 3174 „Pagliazzi“. Aufführung schien mir mäßig, Publikum
387 3074 3709 3285 übel, den beiden Musikwerken vermochte ich heut nicht
385 3186 3853 3404 mehr abzugewinnen als die bekannten Stellen, besonders
415 3363 3814 3547 das zweite langweilte mich. Ich war freilich sehr müde
404 3508 3767 3714 und mußte immer wieder gegen die zufallenden
419 3658 1526 3893 Augen ankämpfen.
555 3834 3826 4035 21. Oct. Morgens im Park nahe beim Hotel. Köstlich frische
411 3932 3851 4119 Luft, etwas Herbstnebel, aber froh u. stark. Rotkehlchen. Goethe
404 4052 3863 4276 Denkmale. Dann St. Peter (s. Brief an Mama), den ich innen
394 4256 3830 4415 nur zu bewundern, nicht zu erleben vermochte. Freilich viel
357 4398 3719 4586 Handwerker und Unruhe. Durch die Stadt gebummelt.
