4260 5213
3806 179 3937 369 5
297 564 3853 803 Allerlei Spalten, sicherlich auch Höhlen darin. Klippschliefer-Spuren. Die Bank
298 756 3780 923 mußte stark einfallen, denn sie verschwand, obwohl der Weg leicht
285 853 3972 1016 abwärts führte, alsbald wieder unter weißen Sanden u. kam nach kurzer
287 1005 3941 1205 Strecke seitlich im Grunde eines Tales wieder zum Ausstreichen. Die vor
296 1145 4071 1332 uns marschierenden Träger haben natürlich ein Kudu gesehen. Wir mußten
287 1299 3919 1475 durch ein uns entgegenkommendes Feuer, wobei ich einen Habicht in
317 1449 3826 1654 dem Augenblick schoß, als er auf ein ihm soeben gega entgangenes
265 1660 3732 1791 Vögelchen zum 2ten Male niederstoßen wollte. In Nindi unter
312 1717 3984 1997 schattigen Mango's Lager bezogen. Auch hier ein angeblich völlig unbesiedelter
327 1877 3964 2111 u. z. Z. noch ganz unwegsamer Streifen längs des Ostrandes das scharf
328 2046 3997 2267 abgeschnittenen Plateaus, an dessen Fuße ich gern marschiert wäre.
437 2224 3680 2422 hier wohnt der für Makangaga zuständige Jumbe, der mich noch nicht
340 2379 3729 2573 besucht hat, aber ich glaube, man darf die vorzügliche Erziehung im
335 2503 2918 2729 Lindi-Bez. hierher nicht ohne weiteres übertragen.
463 2598 4020 2816 Nachm. nach O. auf die „barrabarra“ von Kilwa zum Akiden von Mavudyi,
350 2748 3911 2955 wieder ein ganz gemeiner Schenzi-Pfad. Meinte, hier müßte ich in d.
369 2906 3953 3118 Tertiärzone geraten, aber keine Spur davon. Riesige Flußmäander in ver„
375 3055 3914 3309 hältnismäßig recht engem Tal u. bei kurzem Lauf, Terrassenbildungen,
373 3213 3752 3452 im W. deutlich die 70 m-Kante der Peneplain als höchste. Schoß ein
348 3347 4008 3598 Schwein schwer an, aber nach kurzer starker Blutung schloß sich die Wunde
332 3553 3818 3722 u. ich verlor die Beute in wildestem, wenngleich gebranntem Grase.
349 3695 3919 3890 Die „barrabarra“ tritt durch verhältnismäßig enge Mündung des Aus„
340 3799 2024 4036 räumungskessels zur Küste hinaus.
481 3811 3931 4160 2. Aug. Zum Akiden am Austritt des Mavudyi aus dem Plateau. Schickte zur
345 4076 3879 4295 Sicherheit 2 Mann des Tertiärs wegen über die „Barrabarra‟. Wollte morgens
354 4247 3831 4491 etwas jagen, um den Akiden zu ködern, aber alles unter Gras. Anfangs
351 4405 3879 4612 durch Kautschuk-Pflanzung eines Europäers, der aber nicht hier wohnt.
3769 659 4070 943 Flexur!
