4260 5213
3626 284 3835 439 45
304 534 3839 817 gern wanderte ich durch Dörfer und kleine Städte langsam durch das
293 777 3811 961 Land! So sind's nur die großen Knotenpunkte, die „man“ gesehen
274 921 3918 1103 haben muß. Wenn ich nicht aus Opposition dagegen sie liegen
322 1061 3876 1235 lasse, so geschieht's, weil sie eben wirklich auch ziehen. Aber
286 1167 3921 1402 Reisekunst kommt hier nicht zur Entfaltung. Mir fehlt leider
301 1290 3755 1545 auch die Sprache sehr. Geriet in ein kleines vornehmes, aber
302 1485 3510 1690 intimes Hotel (französisch). Es war bereits ganz dunkel.
489 1648 3628 1828 24. Oct. Am Arno gebummelt, über die eigenartig mit
330 1719 3829 1982 Häusern besetzte Brücke (als wenn in Italien kein Platz wäre!)
303 1867 3792 2099 Dann Palazzo vecchio und Uffizien, nachher Kirchen, Straßen,
355 2063 3858 2273 abends jenseitiges Ufer mit Lionardo da Vinci-Platz. Auch hier
337 2225 3685 2419 eine sinnverwirrende Fülle von Eindrücken, mich freut es
315 2291 3836 2557 recht, daß ich mich noch so empfänglich dafür finde. Auch
320 2492 3809 2723 die Lage der Stadt im Tale, von oben recht gut zu übersehen,
352 2614 3309 2824 ist reizvoll, der Abend war schön nach trübem Tag.
477 2727 4007 2945 Die Kirchen gefielen mir nicht sonderlich in ihrem bunten lustigen
352 2874 3691 3086 Putz, nur der Glockenturm des Domes schien mir in der
356 2979 4036 3224 Wirkung einheitlicher. Im Innern der Kirchen bei diesem Wetter
372 3109 3726 3290 so gut wie nichts zu sehen. Unendlich köstlich die gegossenen
425 3212 4033 3458 Türreliefs der Basilika. Auch mit dem Pallazzo vecchio mußte
401 3386 3772 3573 ich mich erst anfreunden, er redet eine so ganz fremde
353 3518 3951 3768 Sprache, aber es gelang mir bei ihm, vor allem mit Hilfe
348 3695 3801 3924 seiner Innenhöfe. Kostbare Kunstdenkmäler stehen hier im
333 3799 3918 3988 Freien auf dem Platz, in unserm Klima wäre es Ver„
377 3965 3721 4137 brechen. Den Besuch der Uffizien möchte ich ungern in
366 4138 3832 4316 meiner Erinnerung missen, auch die Kunst am Werke
339 4275 3924 4426 verschaffte mir hier einen tiefen Eindruck. Daß eine Schar
313 4408 3998 4622 junger Engländerinnen in so heiligem Tempel einen Teil
