4260 5214
3641 216 3847 399 57
274 485 3954 766 dort zur Generalprobe des „Weihnachtsoratoriums“ in d. Singaka„
319 714 3985 897 demie. Dachte daran, daß Hanna Trendelenburg früher abonniert
375 847 3873 1078 gewesen, ob noch jetzt? Nun dann ging sie wohl höchstens zur
377 960 3779 1235 Hauptaufführung. Auf d. Wege an ihrer früheren Wohnung vorbei,
430 1165 3872 1339 die Straße blieb für mein Auge leer. In d. Garderobe ging
418 1290 3829 1431 ich instinktiv auf den Platz, wo ich sie damals traf — und
429 1401 3836 1671 da war sie! Nebst Mutter u. 2 Schwestern. Mein Platz in der
407 1610 3873 1811 Seitenloge ließ mich grade auf sie herabblicken, denn sie hatte
407 1720 4022 1902 denselben Platz, an dem ich sie zuletzt an jenem Konzertabend
432 1892 3925 2099 gesehen — vor 3 Jahren! Ich war nicht der einzige, der Blicke
434 1995 3967 2240 warf. Begleitete sie auf dem Heimwege; als seien wir verlobt,
448 2140 3923 2342 ließen wir ihre Angehörigen allein u. erzählten. Sie ist die„
389 2311 3932 2543 selbe, unverändert, ich so vertraut mit ihr. Sie hat in d. Zwi„
390 2505 3833 2665 schenzeit an eine Bibliothek in Samoa gehen wollen, aber d.
378 2626 3926 2832 Vater habe sie nicht allein in's Ausland gehen lassen. O du,
427 2725 3788 2990 wenn ich dir das bereiten könnte! Die Mutter forderte
436 2910 3897 3161 mich auf sie zu besuchen. Gemach, dessen hätte es nun nicht
457 3068 4009 3295 mehr bedurft. Ich hätte es gern längst getan, aber wie wenn ich
455 3204 3880 3427 dort von ihrer eingetretenen Vermählung gehört hätte!
485 3380 4018 3526 Durch Herrmann's hatte ich nichts erfahren. Darf ich mich denn
478 3522 3916 3739 jetzt nähern, wo ich keine Gelegenheit habe Hoffnungen
480 3648 3751 3885 zu machen? O Gott, wenn alle jungen Männer der Welt
497 3789 4039 3999 darauf gewartet hätten. Und wenn es eine Episode werden
480 3978 3670 4210 soll, so will ich und vielleicht auch sie sie nicht missen!
650 4143 3267 4391 Nach Lichterfelde zu Heyroth's jr. zum Abendbrot.
491 4361 4039 4630 Das Weihnachtsoratorium eine rechte schöne Eröffnung dieser lieben
497 4518 3186 4784 Tage, die ich nun wieder daheim begehen darf.
