4260 5213
3702 191 3885 366 33
325 335 3818 605 Ambrosius kennen, der in d. Matumbi-Bergen die
288 531 3870 816 Höhlen entdeckt hat u. dort jetzt für Leipzig (Weule)
308 710 3941 894 Ausgrabungen macht (alte Niederlassungen.) Sandte 2 mei„
340 892 3893 1091 ner Leute mit, um im Jura zu sammeln, da mir
321 1017 3987 1196 leider keine Zeit mehr bleibt dorthin zu kommen;
286 1157 3881 1352 die Bornhardt-Route nicht mehr gangbar, der neue
264 1296 3792 1503 Weg 2 Tage längs der Küste im flachen Vorlande.
234 1426 3994 1707 Habe auch keine Träger mehr, wenn ich in nächsten Tagen
274 1599 3982 1838 etwa fort wollte, sie im teuren Kilwa so lange zu
241 1829 4057 2048 ernähren geht über meine Kraft u. neue bekommt
245 1960 1356 2157 man hier nicht.
378 2102 3904 2424 23. Sept. Gepackt. Abends einer Einladung des Hrn.
247 2298 3875 2579 Schirmer folgend zur Klub-Versammlung in dem
279 2485 3897 2738 herrlich auf d. Ssingino gelegenen eigenen Hause. Mit
292 2622 3996 2892 einem Herrn Moll in dessen Wagen bis zum Fuß des
288 2765 4029 3007 Berges gefahren. Wie eine deutsche Landstraße. Am Aufstiege
275 3004 4035 3183 die Quelle der städtischen Wasserleitung wegen des großen
309 3119 3866 3356 sofort kräftig fließenden Wasserreichtums bewundert.
257 3245 3837 3445 Leider hat mein grade eine brackige Quelle gefaßt,
288 3374 3836 3659 die andern sollen besser sein. Immerhin ein hier
290 3554 4003 3779 ungewohnter Segen. Köstlicher Abend mit Blick auf
274 3675 3815 3915 die Bucht. Hr. Schirmer u. ich blieben für d. Nacht,
285 3825 3893 4093 d. andern 4 Herren gingen nachts gegen 12 zurück.
381 3984 3871 4299 Sonntag d. 24. Sept. Köstlicher Morgen mit Abschiedsblick
315 4175 3836 4427 auf d. afrikanische Küstenland. Im Orte heut mohame„
305 4427 4005 4600 danisches Neujahr, Rhamazan. Besuche der Inder u. Schwarzen
306 4521 2375 4798 bei d. Europäern u. Bewirtung.
538 4666 3368 4943 Spaziergang durch d. Ort. Fast täglich Abendschoppen.
