4260 5213
306 201 505 355 30
397 408 3980 628 selbst mit gutem Gewissen morgen aufbrechen. Zu packen begonnen.
375 529 3993 799 Nachm. Kleidungsstücke, Messer, Schenzi-Hacken, Tabak u. sonst nicht mehr
376 676 3866 904 Brauchbares an d. Leute ausgeteilt. Mich hat schon mehrfach die
378 817 3881 1039 Unersättlichkeit bei solchen Gelegenheiten abgestoßen u. gekränkt.
372 985 3899 1200 Bekommen sie nichts, entbehren sie nichts, giebt man ihnen
406 1126 3949 1342 aber etwas, so wollen sie mehr. Nun für mich geht der Schluß
425 1283 3310 1522 daraus nicht auf das bequeme „na dann nicht“!
591 1424 2976 1686 Es wird heiß u. ich scheide ohne Trauer.
538 1581 3941 1864 18. Sept: Um ½ 4 aufgestanden, doch erst gegen 6 Aufbruch. Karani mit
463 1716 3960 1968 wenigen Leuten zum Verpacken u. Absenden der noch übrigen
471 1886 3812 2079 Lasten zurückgelassen, zumal heut noch 4 Mann m. Kisten von
450 2035 3819 2258 Kilwa her eintreffen müssen. Marsch am Linganla abwärts,
453 2184 3724 2415 um Grenze zw. Tertiär u. Kreide zu studieren u. weil in
434 2289 3960 2538 Namanoro Kudu's stehen sollten, auch um Träger anzuwer„
448 2482 3858 2673 ben. Viel Schamben, aber kaum ein männlicher Einwohner
424 2599 3859 2782 ließ sich blicken. Mittags beim Jumben, Mangos u. Palmen.
565 2766 3915 3015 Gegen 3 eine Strecke weit zum Flusse, in dem hier tiefen
452 2856 3986 3126 u. breiten Bachbett größere stehende Wasserflächen. Dabei
487 2993 3955 3260 zahllose Fährten, vor allem von Wasserböcken. Hatte die Falle
474 3163 3945 3369 mitgebracht, aber der Zugänge waren zu viel u. Katzen„
468 3324 3989 3541 spuren nicht sichtbar. Warum übrigens, hier wäre doch jede
477 3439 3859 3685 Nacht ein Braten völlig sicher! Jenseits in teilweise
510 3615 3935 3888 gut gebranntem Gebiet noch viel frische Spuren, so daß ich
464 3821 3922 4049 auf Warzenschweine nicht schoß, um nicht Antilopen zu
479 3913 3861 4141 verscheuchen. Aber nichts zu sehen, ging auf s andre,
495 4067 3863 4285 Ufer über, z. T. durch wüsten Busch, bis auf eine un„
522 4245 4042 4414 bewohnte Höhe mit Mangos, aber auch hier trotz vieler
522 4414 3966 4624 Spuren nichts. Im Lager inzwischen 2 von den 4 Kilwa-
