4260 5213
238 212 424 381 18
561 299 3974 527 2 Sept. Morgens in d. Steppe bei Naluë, dann in weitem Bogen nördlich
345 523 3905 679 v. Kiwala bis zum Graben, 2x auf Riedböcke unter freilich ungünstigen
393 611 3923 790 Umständen u. ohne Erfolg geschossen, sonst erstaunlicherweise nichts zu sehen.
387 726 3897 993 Immerhin ein Trost, daß man nun wirklich endlich durch's Pori
386 913 3939 1111 streifen kann, wenn man auch hier u. da gehörig zu kämpfen
407 991 3920 1248 hat. Photographiert. Poscho-Zahlung. Ein Trupp Wangoni ent„
397 1137 3272 1351 lassen. Unmittelbar am Zelte nachm. 4 Perlhühner geschossen.
530 1209 3916 1454 Sonntag d. 3. Sept. Vorm. etwas aquarelliert. Gedicht vorgenommen, aber
438 1397 3841 1633 hier wird merkwürdigerweise nicht viel. Immerhin hat Makangaga
440 1495 3851 1760 jetzt an Aufsätzen in einem Monat so viel geliefert, wie Tendaguru
438 1606 3410 1869 in 2 Jahren u. auch sonst noch einiges. 13 Lasten nach Kilwa.
513 1778 3854 1948 Nachm. In d. Steppe östlich vom Linganla abgesucht, wo gestern gutes
442 1904 2818 2137 Feuer durchgegangen. Absolut nichts zu sehen.
644 2068 3867 2259 4. Sept. Morgens im Walde gegen Muazi u. links des Nami-
462 2204 3875 2368 tambo gegen Naiwanga gesucht, nicht das geringste gesehen. Das
447 2371 3884 2511 Wild muß sich verzogen haben, es gab sonst immer einiges
445 2482 3913 2724 mindestens zu sehen. Am Graben. Erfahre, daß Telegramm doch
462 2623 3873 2856 noch am 1. Sept. abgegangen, hoffentlich noch zur Zeit, um eigenes
438 2787 3885 2977 Geld zu erhalten. Nichts zu lesen, meine Zeit wird doch etwas
424 2892 3858 3068 vergeudet, auch d. tägl. Jagdausflüge entspringen keiner Leiden„
429 3037 3887 3295 schaft, sondern d. Wunsche, den Leuten Fleisch zu verschaffen (sie
462 3209 3991 3426 haben hier nichts als Mtama u. zuweilen Reis, beides sehr teuer)
473 3366 3989 3578 sowie mir Bewegung u. Beschäftigung zu machen u. das Gebirt
449 3514 1499 3735 kennen zu lernen.
634 3570 4011 3896 5. Sept. Nicht zum Graben um endlich wirklich Fleisch zu schießen, ging mit 3 Mann
484 3733 4019 3966 in d. schönen lichten Wald von Ndalakasha, um kleinere Beute gleich mitnehmen
496 3848 3892 4179 zu können. Erstaunlicherweise trotz vielen Streifens auch hier zum
491 4008 3969 4225 erstenmal garnichts gesehen; auf Perlhühner einmal trotz zu großer
492 4136 3949 4361 Entfernung u. natürlich erfolgllos geschossen ein mbango, das man
501 4299 3798 4503 mir zeigte, leider erst gesehen, als es floh. Es wirkt allmählich
500 4419 3956 4651 niederdrückend. Sollten die Tiere des Ramazan wegen fasten?
630 4603 1573 4842 8 Lasten nach Kilwa
