4260 5213
335 198 531 421 52
623 496 3910 726 16.) Stiftungsfest des A. N. M. V. im Zoolog. Garten, neue Säle. Ging
552 656 2568 903 früh, bin hier doch ziemlich losgelöst.
594 832 3903 1021 18.) Tuisko kurz. Abends Familie in Friedenau bei Richard
476 1016 3876 1198 zu Erika's 2tem Geburtstag. Nur an den Kindern fühl ich, daß ich
497 1107 3814 1340 fort gewesen. Sonst zum Glück alles ganz unverändert. Auch
527 1238 1290 1410 das Stadtbild.
227 1338 3905 1561 Sonntag d. 19.) Vorm. Besuch bei Hermann's, auch bei Rudi's Braut Frl. Sieder. Nun
497 1495 3933 1672 liegt etwas Zeit zwischen uns. Ich möchte kein Mädchen so lange
498 1583 1258 1774 warten lassen.
644 1674 2621 1930 20.) Nachm. Besuch bei Heyroth's Eltern.
659 1841 3141 2061 23.) Bei den jungen Heyroth's zum Abendbrot.
646 2003 3814 2158 25.) Vorm. Papa Lorenz mit seiner ersten Klasse im Museum,
681 2118 3980 2301 zeigte die Saurier. Ich Klotz stand da und dozierte, von all den
676 2205 2669 2423 frischen Mädchen habe ich nichts gesehen.
235 2322 3922 2561 Sonntag d. 26.) Vorm. mit Gerngroß im Grunewald zwischen Hundekehle
512 2492 3953 2670 und Paulsborn spazieren gegangen. Auch er jung verheiratet.
641 2597 2471 2804 27.) Abends Bekannte von Erna
2052 2595 2683 2734 Fr. Hertzberg u. Tochter
2422 2694 2786 2791 zwei
2683 2585 2958 2717 junge
2786 2647 3742 2823 Musikfreundinnen
499 2777 3963 2938 und Frl. Hoppe, die Gesangslehrerin hier. Frische Mädchen, die ich gern
481 2935 3840 3068 mag, sie interessierten sich sehr für meine Photographieen.
480 2982 3994 3143 Brachte sie mit Freuden nach Haus. Blieben im Fahrstuhl stecken,
477 3107 3850 3270 von 12-1 dort eingesperrt, der Portier wußte nicht zu helfen,
501 3222 3701 3398 mußten die Feuerwehr holen, die in drei Automobilen
477 3377 1043 3531 anrückte.
