4260 5213
3600 235 3808 428 59
305 580 3756 780 27. 3.ter Feiertag. Gemalt. Abd. Wir 4 bei Tante Hedwig u.
381 740 3847 967 Töchtern. Bruno u. ich kriegen keine rechte Unterhaltung zustande,
386 880 3710 1106 obwohl in dieser Familie viel Humor steckt u. der
370 1042 3787 1204 Engel des Schweigens kein Gastrecht genießt. Zuletzt
382 1156 1468 1389 sehr ausgelassen.
373 1386 3158 1567 28. Abend Versammlung ehemaliger Tuiskonen.
403 1531 3916 1715 229. Abend „ „ „ „ Wilhelmiten. Viel neue
481 1625 1010 1852 Gesichter.
385 1811 3744 2050 30. Wir nebst den Friedenauern u. Semmlers bei Tante
421 1941 2732 2208 Wiebcke. Zeigte meine Photographieen.
376 2139 3827 2377 31. Dez: Zur Sylvester-Feier nebst Rich, Lisb., Lorenz und
436 2353 3819 2589 Lisb.'s Tanten bei Prof. Poske's in Lichterfelde-Dahlem. Z. T.
434 2500 3596 2732 recht ausgelassene Stimmung. Alles in Kostümen, ich im
436 2628 3905 2810 weißen Tropenanzug, Cylinder mit Schild, Pfeil u. Bogen u.
493 2814 3502 3022 Speer u. s. w. Etwas getanzt. Die Zeit verging rasch.
631 2990 3714 3186 Gegen 3 Uhr morgens zu Haus. Hatte Einladung von
421 3104 3095 3288 Trendelenburg's, der ich leider nicht gut folgen konnte.
825 3216 3120 3474 Prosit Neujahr, möge es Heil bringen!
438 3398 3692 3616 Auf das alte darf ich getrost u. mit Dankbarkeit zurückblicken,
361 3564 3847 3728 es hat mir aus reichem Füllhorn neue Eindrücke, Erfahrungen
357 3718 3904 3893 u. Genüsse geschenkt, zu allem noch die italienische Offenbarung.
374 3809 3822 4052 Und hat mir die Heimat wiedergeben, alle Meinen gesund
405 3991 3624 4192 und unverändert. Entsetzlicher Gedanke, wie die Rückkehr
439 4126 3738 4287 anders hätte sein können! Unverändert gehe auch ich mit
423 4246 3713 4500 allen früheren Kräften in's neue Jahr, in vielen Dingen
430 4442 3746 4664 allzu unverändert. An's neue Jahr habe ich nun zuerst
