4260 5213
286 216 482 447 28
455 563 3746 766 Träger bekommen, all meine Boten bezahle ich umsonst,
435 756 3833 931 andre muß ich täglich weit entsenden, um — sie selbst mit
407 845 3729 1097 Essen zu versorgen, wovon d. Expedition auch nichts hat,
457 1041 4040 1254 statt Gummi müssen wir schon lange wilden Gummi brauchen
415 1181 3804 1346 u. heut verbummelt die Usagara wieder mal den
425 1330 3925 1534 Stoff zum Bekleben brüchiger Knochen. Da soll Einer vom
426 1494 3903 1688 Fleck kommen. Und dabei sitze ich hier so untätig!
412 1640 3620 1834 Ich werde ungeduldig und kann mich auf d. Tag der
434 1756 1792 1973 Abreise ehrlich freuen.
669 1897 3891 2067 15. Sept. Früh aufgestanden, um nochmals mein Glück mit Gnus zu ver„
487 2052 3979 2217 suchen. Rings um Ndalakasha gejagt, aber nur eine kleine Barappiherde
475 2131 3886 2366 auf d. Weg dorthin aufgejagt in hohem Gras u. Bambus. Ich hoffte sie, wie
455 2293 3959 2479 ich's vom Tendaguru her gewöhnt bin, nach einiger Verfolgung wieder
485 2438 3853 2615 zu treffen, ging aber wohl 1½ Std. weit hinterher, ohne daß sie nur
502 2519 3830 2717 einen Augenblick stillgestanden wären. Sonst absolut nichts in
507 2647 3967 2906 freiestem, schönstem Walde, ich würde meinen, die Erzählungen
504 2815 4008 3010 der Schwarzen vom hiesigen Wildreichtum sind übertrieben, aber
504 2976 3924 3117 immer u. immer wieder sehen sie an Stellen etwas, wo
497 3088 3979 3257 ich den Tag grade nicht bin u. am andern umsonst vorbeikomme.
593 3176 3791 3389 Der Graben wird immer noch nicht leer, u. Träger kommen
513 3292 2830 3509 nicht, ich schicke wieder nach 2 Seiten aus.
691 3453 3792 3661 Bruno's Geburtstag mit einer Fl. Wein „gefeiert“ kann ich
555 3536 3985 3778 kaum sagen, da ich ohne groß Bedürfnis danach fast täglich derlei
548 3727 3950 3887 Alkoholika abends trinke, erstens um damit zu räumen, dann
546 3883 3931 4024 aber hauptsächlich, weil mein Soda nahezu verbraucht ist u. ich
548 3970 4022 4142 nicht berechnen kann, wann ich fortkomme. Muß heut nochmals
560 4104 1462 4338 neues bestellen.
723 4241 3864 4436 16. Sept. Morgens wieder kl. Umweg zum Graben, dann aber sah
648 4351 3807 4588 ich weit vor mir ein Hartebeest u. schlich mich in bewachsener
636 4497 3937 4738 Senke näher. Schon ging aber das Schnauben los, es hatte Wind
