<?xml version="1.0" encoding="UTF-8" standalone="yes"?>
<PcGts xmlns="http://schema.primaresearch.org/PAGE/gts/pagecontent/2013-07-15" xmlns:xsi="http://www.w3.org/2001/XMLSchema-instance" xsi:schemaLocation="http://schema.primaresearch.org/PAGE/gts/pagecontent/2013-07-15 http://schema.primaresearch.org/PAGE/gts/pagecontent/2013-07-15/pagecontent.xsd">
    <Metadata>
        <Creator>prov=University of Rostock/Institute of Mathematics/CITlab|PLANET AI GmbH/Gundram Leifert/gundram.leifert@planet-ai.de:name=UAT_M6(htr_id=20530)::::v=2.6.6
prov=University of Rostock/Institute of Mathematics/CITlab|PLANET AI GmbH/Tobias Gruening/tobias.gruening@planet-ai.de:name=de.uros.citlab.module.baseline2polygon.B2PSeamMultiOriented:v=2.6.6
prov=University of Rostock/Institute of Mathematics/CITlab/Tobias Gruening/tobias.gruening@uni-rostock.de:name=/net_tf/LA73_249_0mod360.pb:de.uros.citlab.segmentation.CITlab_LA_ML:v=2.3.1
TRP</Creator>
        <Created>2019-08-05T10:21:14.563+02:00</Created>
        <LastChange>2020-03-04T14:57:24.932+01:00</LastChange>
        <TranskribusMetadata docId="191635" pageId="7581490" pageNr="42" tsid="24796935" status="GT" userId="34979" imgUrl="https://files.transkribus.eu/Get?id=JRVHDQJRURFVAGCBVDWQFOHJ&amp;fileType=view" xmlUrl="https://files.transkribus.eu/Get?id=KMZKOIYHZLJVXIHWAZRJTBBD" imageId="4579379"/>
    </Metadata>
    <Page imageFilename="UAT_407_082_42.jpg" imageWidth="4260" imageHeight="5213">
        <ReadingOrder>
            <OrderedGroup id="ro_1612255751405" caption="Regions reading order">
                <RegionRefIndexed index="0" regionRef="r1"/>
            </OrderedGroup>
        </ReadingOrder>
        <TextRegion orientation="0.0" id="r1" custom="readingOrder {index:0;}">
            <Coords points="261,263 261,4603 3979,4603 3979,263"/>
            <TextLine id="r1l1" custom="readingOrder {index:0;}">
                <Coords points="366,406 430,405 439,395 476,418 490,404 527,407 523,210 491,211 458,188 436,212 413,208 390,222 362,218"/>
                <Baseline points="386,324 415,328 444,327 473,325 502,324"/>
                <TextEquiv>
                    <Unicode>40</Unicode>
                </TextEquiv>
            </TextLine>
            <TextLine id="r1l2" custom="readingOrder {index:1;}">
                <Coords points="238,752 3956,773 3955,576 3207,525 1449,562 1202,687 664,543 238,664"/>
                <Baseline points="261,730 444,730 628,730 811,729 995,728 1178,726 1362,725 1545,723 1729,721 1912,719 2096,717 2280,716 2463,714 2647,713 2830,713 3014,712 3197,713 3381,713 3564,715 3748,717 3932,721"/>
                <TextEquiv>
                    <Unicode>ruhig, daß man beim Sitzen glaubt, im Hafen zu liegen. Grade</Unicode>
                </TextEquiv>
            </TextLine>
            <TextLine id="r1l3" custom="readingOrder {index:2;}">
                <Coords points="260,931 3776,930 3546,761 2742,727 259,812"/>
                <Baseline points="283,890 456,883 630,877 803,872 977,867 1150,863 1324,860 1497,857 1671,855 1844,854 2018,853 2191,853 2365,854 2538,855 2712,856 2885,859 3059,862 3232,865 3406,869 3579,873 3753,879"/>
                <TextEquiv>
                    <Unicode>deshalb nimmt sie aber vorn viel Wasser über. Einige</Unicode>
                </TextEquiv>
            </TextLine>
            <TextLine id="r1l4" custom="readingOrder {index:3;}">
                <Coords points="238,1055 3763,1054 3763,953 2689,866 238,912"/>
                <Baseline points="261,1020 434,1021 608,1021 782,1020 956,1020 1130,1019 1304,1017 1478,1016 1652,1015 1826,1013 2000,1012 2173,1011 2347,1009 2521,1009 2695,1008 2869,1008 3043,1008 3217,1009 3391,1010 3565,1012 3739,1015"/>
                <TextEquiv>
                    <Unicode>kräftige Spritzer durchnäßten uns oben auf d. Verdeck der</Unicode>
                </TextEquiv>
            </TextLine>
            <TextLine id="r1l5" custom="readingOrder {index:4;}">
                <Coords points="263,1185 1420,1239 1635,1139 2201,1231 2424,1117 2728,1186 2725,1011 1110,1084 939,1017 261,1107"/>
                <Baseline points="284,1159 404,1157 525,1155 646,1153 767,1150 888,1148 1009,1145 1130,1142 1251,1139 1372,1136 1493,1133 1613,1131 1734,1128 1855,1127 1976,1125 2097,1124 2218,1123 2339,1123 2460,1124 2581,1126 2702,1128"/>
                <TextEquiv>
                    <Unicode>ersten Klasse gründlich. Mittags nachlassend.</Unicode>
                </TextEquiv>
            </TextLine>
            <TextLine id="r1l6" custom="readingOrder {index:5;}">
                <Coords points="462,1349 3854,1333 3904,1213 461,1197"/>
                <Baseline points="486,1302 655,1305 825,1307 995,1308 1164,1309 1334,1309 1504,1309 1673,1309 1843,1309 2013,1308 2183,1307 2352,1306 2522,1305 2692,1304 2861,1303 3031,1303 3201,1302 3370,1302 3540,1302 3710,1303 3880,1303"/>
                <TextEquiv>
                    <Unicode>Nichts von Kriegsschiffen zu sehen, wenn zweifelhaft doch immer</Unicode>
                </TextEquiv>
            </TextLine>
            <TextLine id="line_1582815157465_697" custom="readingOrder {index:6;}">
                <Coords points="303,1509 1496,1442 1675,1551 2230,1421 2492,1545 2740,1429 3566,1551 3786,1481 3786,1362 302,1399"/>
                <Baseline points="324,1468 374,1466 425,1464 476,1462 527,1460 578,1459 629,1458 679,1457 730,1455 781,1454 832,1452 883,1450 934,1448 985,1445 1035,1442 1086,1439 1137,1434 1188,1430 1239,1424 1290,1417 1341,1410 1415,1427 1532,1425 1649,1424 1767,1422 1884,1421 2002,1421 2119,1420 2236,1420 2354,1421 2471,1422 2589,1423 2706,1425 2823,1427 2941,1430 3058,1433 3176,1437 3293,1441 3410,1446 3528,1450 3645,1456 3763,1463"/>
                <TextEquiv>
                    <Unicode>noch die Frage, ob türkische oder italienische. Bei Kreta nachts.</Unicode>
                </TextEquiv>
            </TextLine>
            <TextLine id="r1l9" custom="readingOrder {index:7;}">
                <Coords points="279,1629 3901,1671 3868,1497 279,1505"/>
                <Baseline points="300,1600 488,1602 676,1603 865,1603 1053,1603 1241,1603 1430,1603 1618,1602 1806,1601 1995,1600 2183,1599 2372,1598 2560,1598 2748,1597 2937,1596 3125,1596 3313,1596 3502,1597 3690,1598 3879,1599"/>
                <TextEquiv>
                    <Unicode>Alles kehrt zu Europäerkleidung zurück, doch mittags noch recht</Unicode>
                </TextEquiv>
            </TextLine>
            <TextLine id="r1l10" custom="readingOrder {index:8;}">
                <Coords points="291,1801 351,1814 392,1790 415,1812 484,1796 503,1810 584,1771 622,1793 763,1766 761,1679 698,1717 633,1714 610,1696 555,1716 471,1673 421,1683 372,1721 288,1696"/>
                <Baseline points="313,1770 338,1770 363,1769 388,1769 413,1768 438,1768 464,1768 489,1767 514,1767 539,1766 564,1766 589,1765 615,1764 640,1763 665,1762 690,1761 715,1759 741,1757"/>
                <TextEquiv>
                    <Unicode>warm.</Unicode>
                </TextEquiv>
            </TextLine>
            <TextLine id="r1l11" custom="readingOrder {index:9;}">
                <Coords points="437,1982 3902,1949 4003,1788 1084,1833 803,1724 436,1821"/>
                <Baseline points="459,1905 635,1902 811,1901 987,1899 1163,1898 1339,1896 1515,1895 1691,1895 1867,1894 2043,1894 2219,1893 2395,1893 2571,1893 2747,1893 2923,1893 3099,1893 3275,1893 3451,1893 3627,1893 3803,1892 3979,1892"/>
                <TextEquiv>
                    <Unicode>17. Oct. Vorm. Kalabrien in Sicht, verschiedene Dampfer dicht unter</Unicode>
                </TextEquiv>
            </TextLine>
            <TextLine id="r1l12" custom="readingOrder {index:10;}">
                <Coords points="287,2055 3767,2015 3555,1896 287,1963"/>
                <Baseline points="309,2030 480,2028 652,2026 823,2025 995,2024 1167,2024 1338,2023 1510,2022 1682,2022 1853,2022 2025,2021 2197,2021 2368,2021 2540,2020 2712,2020 2883,2019 3055,2018 3227,2017 3398,2016 3570,2015 3742,2013"/>
                <TextEquiv>
                    <Unicode>Land. Viel große steile Trockentäler, zahlreiche Ortschaften. Trotz der</Unicode>
                </TextEquiv>
            </TextLine>
            <TextLine id="r1l13" custom="readingOrder {index:11;}">
                <Coords points="276,2236 1456,2137 3829,2238 3829,2040 276,2057"/>
                <Baseline points="297,2150 472,2149 647,2148 823,2147 998,2146 1174,2146 1349,2146 1524,2146 1700,2146 1875,2146 2051,2146 2226,2147 2401,2147 2577,2148 2752,2149 2928,2150 3103,2151 3278,2152 3454,2153 3629,2154 3805,2155"/>
                <TextEquiv>
                    <Unicode>Weinberge ist mir der Anblick so vieler Europäer-Steinhäuser</Unicode>
                </TextEquiv>
            </TextLine>
            <TextLine id="r1l14" custom="readingOrder {index:12;}">
                <Coords points="277,2316 3164,2320 3319,2195 2057,2139 891,2234 680,2157 276,2247"/>
                <Baseline points="299,2297 448,2292 598,2288 748,2284 898,2279 1048,2275 1198,2271 1347,2268 1497,2265 1647,2262 1797,2260 1947,2259 2097,2258 2247,2258 2396,2259 2546,2261 2696,2264 2846,2268 2996,2273 3146,2279 3296,2286"/>
                <TextEquiv>
                    <Unicode>erstaunlich: was mag jeder Einzelne da treiben?</Unicode>
                </TextEquiv>
            </TextLine>
            <TextLine id="r1l15" custom="readingOrder {index:13;}">
                <Coords points="477,2436 3782,2452 3702,2238 3441,2351 476,2312"/>
                <Baseline points="501,2428 663,2428 826,2428 989,2427 1152,2425 1315,2423 1477,2421 1640,2418 1803,2415 1966,2413 2129,2410 2291,2407 2454,2404 2617,2402 2780,2399 2943,2397 3105,2396 3268,2395 3431,2394 3594,2395 3757,2395"/>
                <TextEquiv>
                    <Unicode>Mittags Straße von Messina. Ausreisenden D. O. A. G. Dampfer</Unicode>
                </TextEquiv>
            </TextLine>
            <TextLine id="r1l16" custom="readingOrder {index:14;}">
                <Coords points="363,2624 3383,2534 3856,2641 3952,2430 362,2445"/>
                <Baseline points="385,2565 562,2561 739,2558 916,2554 1094,2550 1271,2547 1448,2544 1625,2541 1803,2538 1980,2536 2157,2535 2334,2534 2512,2533 2689,2533 2866,2533 3043,2535 3221,2536 3398,2539 3575,2542 3752,2547 3930,2552"/>
                <TextEquiv>
                    <Unicode>begrüßt. In Reggio u. Messina noch immer Stätten der Verwüstung</Unicode>
                </TextEquiv>
            </TextLine>
            <TextLine id="r1l17" custom="readingOrder {index:15;}">
                <Coords points="344,2714 3828,2706 3826,2560 3381,2536 343,2622"/>
                <Baseline points="365,2697 537,2695 709,2693 881,2691 1053,2688 1225,2684 1397,2681 1569,2677 1741,2673 1913,2670 2085,2667 2257,2664 2429,2662 2601,2660 2773,2660 2945,2660 3117,2661 3289,2663 3461,2666 3633,2672 3806,2678"/>
                <TextEquiv>
                    <Unicode>und in langen gleichmäßigen Reihen die häßlichen Baracken</Unicode>
                </TextEquiv>
            </TextLine>
            <TextLine id="r1l18" custom="readingOrder {index:16;}">
                <Coords points="328,2870 3968,2860 3966,2709 3833,2692 327,2737"/>
                <Baseline points="350,2825 529,2827 709,2828 889,2829 1069,2828 1248,2828 1428,2826 1608,2824 1788,2822 1967,2820 2147,2817 2327,2814 2507,2812 2686,2809 2866,2807 3046,2804 3226,2802 3405,2800 3585,2799 3765,2799 3945,2799"/>
                <TextEquiv>
                    <Unicode>Und San Franzisco war in einem Jahre schöner wieder aufgebaut!</Unicode>
                </TextEquiv>
            </TextLine>
            <TextLine id="r1l19" custom="readingOrder {index:17;}">
                <Coords points="429,3008 3311,3021 3751,2875 428,2870"/>
                <Baseline points="451,2954 614,2952 778,2949 942,2948 1106,2946 1270,2944 1433,2943 1597,2942 1761,2941 1925,2940 2089,2939 2252,2938 2416,2936 2580,2935 2744,2934 2908,2933 3071,2931 3235,2930 3399,2928 3563,2925 3727,2923"/>
                <TextEquiv>
                    <Unicode>Hoch interessant die Meeresstrudel an der nördl. Einfahrt der</Unicode>
                </TextEquiv>
            </TextLine>
            <TextLine id="r1l20" custom="readingOrder {index:18;}">
                <Coords points="417,3106 3846,3081 3846,2962 3699,2949 417,2959"/>
                <Baseline points="439,3082 608,3077 777,3074 946,3071 1115,3068 1285,3067 1454,3065 1623,3065 1792,3064 1961,3064 2131,3064 2300,3064 2469,3065 2638,3065 2807,3065 2977,3064 3146,3064 3315,3062 3484,3061 3653,3059 3823,3056"/>
                <TextEquiv>
                    <Unicode>Straße; allenthalben ruhiges Wasser, aber hier auf große Flächen</Unicode>
                </TextEquiv>
            </TextLine>
            <TextLine id="r1l21" custom="readingOrder {index:19;}">
                <Coords points="420,3292 2232,3168 3872,3224 3871,3100 3613,3070 419,3132"/>
                <Baseline points="443,3200 613,3198 783,3196 953,3194 1124,3192 1294,3189 1464,3187 1635,3185 1805,3183 1975,3181 2146,3179 2316,3178 2486,3176 2656,3175 2827,3175 2997,3174 3167,3174 3338,3175 3508,3175 3678,3176 3849,3178"/>
                <TextEquiv>
                    <Unicode>hin mit deutlich merkbarer Grenze eine seltsame Unruhe auf</Unicode>
                </TextEquiv>
            </TextLine>
            <TextLine id="r1l22" custom="readingOrder {index:20;}">
                <Coords points="375,3346 2265,3277 3276,3372 3467,3268 3616,3367 3852,3208 373,3226"/>
                <Baseline points="395,3320 566,3318 738,3316 910,3314 1081,3312 1253,3309 1425,3306 1596,3304 1768,3301 1940,3298 2112,3295 2283,3292 2455,3289 2627,3287 2798,3284 2970,3282 3142,3280 3313,3278 3485,3277 3657,3275 3829,3275"/>
                <TextEquiv>
                    <Unicode>der Oberfläche wie wenn Wasser soeben beginnt zu kochen.</Unicode>
                </TextEquiv>
            </TextLine>
            <TextLine id="r1l23" custom="readingOrder {index:21;}">
                <Coords points="410,3492 3040,3420 3275,3513 3526,3413 3899,3509 3975,3324 408,3350"/>
                <Baseline points="435,3468 610,3463 786,3458 962,3453 1138,3448 1314,3443 1490,3439 1666,3434 1842,3430 2018,3427 2194,3424 2369,3421 2545,3419 2721,3418 2897,3417 3073,3416 3249,3417 3425,3418 3601,3420 3777,3423 3953,3426"/>
                <TextEquiv>
                    <Unicode>Aetna in Wolken, in letzter Zelt soll er heftige Ausbrüche gehabt haben,</Unicode>
                </TextEquiv>
            </TextLine>
            <TextLine id="r1l24" custom="readingOrder {index:22;}">
                <Coords points="378,3626 3908,3594 3906,3465 3533,3415 377,3511"/>
                <Baseline points="399,3587 573,3586 747,3583 921,3580 1095,3577 1270,3573 1444,3569 1618,3565 1792,3561 1966,3557 2141,3553 2315,3550 2489,3547 2663,3545 2837,3543 3012,3543 3186,3543 3360,3545 3534,3548 3708,3552 3883,3558"/>
                <TextEquiv>
                    <Unicode>daher doppelt schade. Stromboli fast ganz ruhig. Einige Wolken bil„</Unicode>
                </TextEquiv>
            </TextLine>
            <TextLine id="r1l25" custom="readingOrder {index:23;}">
                <Coords points="461,3750 3907,3668 3261,3539 458,3608"/>
                <Baseline points="484,3736 654,3723 824,3713 994,3703 1164,3694 1334,3687 1504,3681 1674,3676 1844,3671 2014,3668 2184,3665 2354,3663 2524,3661 2694,3659 2864,3658 3034,3657 3204,3656 3374,3655 3544,3654 3714,3652 3885,3650"/>
                <TextEquiv>
                    <Unicode>deten sich von Zeit zu Zeit am Gipfel, aber ohne Kenntnis der</Unicode>
                </TextEquiv>
            </TextLine>
            <TextLine id="r1l26" custom="readingOrder {index:24;}">
                <Coords points="443,3902 880,3967 1148,3824 1421,3905 2002,3801 3629,3887 3828,3764 2242,3668 861,3715 442,3843"/>
                <Baseline points="464,3885 631,3870 798,3857 965,3845 1132,3834 1299,3825 1466,3817 1633,3810 1800,3804 1967,3801 2134,3797 2301,3795 2468,3793 2635,3793 2802,3793 2969,3794 3136,3796 3303,3798 3470,3801 3637,3805 3805,3808"/>
                <TextEquiv>
                    <Unicode>vulkanischen Natur, wäre man kaum auf den Gedanken ge„</Unicode>
                </TextEquiv>
            </TextLine>
            <TextLine id="line_1582815172761_702" custom="readingOrder {index:25;}">
                <Coords points="466,4040 2034,3945 3404,4042 3870,3954 3868,3853 463,3921"/>
                <Baseline points="489,4006 519,4007 549,4008 579,4008 610,4008 640,4008 670,4008 700,4008 731,4007 761,4007 791,4005 821,4005 852,4004 882,4004 912,4003 942,4003 973,4003 1003,4003 1033,4003 1063,4004 1094,4005 1494,3966 1611,3964 1729,3963 1847,3961 1965,3960 2082,3959 2200,3958 2318,3957 2436,3957 2553,3956 2671,3955 2789,3955 2907,3954 3024,3953 3142,3952 3260,3951 3378,3950 3495,3948 3613,3947 3731,3945 3849,3943"/>
                <TextEquiv>
                    <Unicode>kommen. Die letzte Nacht an Bord! Captain's</Unicode>
                </TextEquiv>
            </TextLine>
            <TextLine id="r1l29" custom="readingOrder {index:26;}">
                <Coords points="444,4196 1095,4125 1307,4229 1760,4101 3038,4222 3165,4129 3854,4168 3853,3998 443,4044"/>
                <Baseline points="467,4153 635,4143 803,4134 971,4127 1140,4121 1308,4114 1476,4110 1644,4106 1813,4104 1981,4102 2149,4100 2317,4100 2486,4100 2654,4100 2822,4101 2990,4102 3159,4104 3327,4106 3495,4108 3663,4110 3832,4113"/>
                <TextEquiv>
                    <Unicode>Dinner im geschmackvoll dekorierten Speisesaal. An Deck</Unicode>
                </TextEquiv>
            </TextLine>
            <TextLine id="r1l30" custom="readingOrder {index:27;}">
                <Coords points="443,4323 510,4292 575,4313 634,4287 819,4325 869,4296 920,4312 960,4278 1053,4320 1163,4293 1159,4206 984,4199 872,4144 804,4184 661,4162 581,4216 439,4231"/>
                <Baseline points="465,4290 498,4289 532,4288 566,4286 599,4285 633,4283 667,4281 700,4279 734,4277 768,4276 802,4274 835,4273 869,4271 903,4270 936,4269 970,4268 1004,4266 1037,4266 1071,4265 1105,4265 1139,4265"/>
                <TextEquiv>
                    <Unicode>etwas Tanz.</Unicode>
                </TextEquiv>
            </TextLine>
            <TextLine id="r1l31" custom="readingOrder {index:28;}">
                <Coords points="655,4458 3781,4403 3779,4311 3361,4262 653,4302"/>
                <Baseline points="676,4432 830,4426 984,4420 1138,4415 1292,4412 1446,4409 1600,4406 1754,4404 1908,4403 2062,4402 2216,4401 2370,4400 2524,4399 2678,4398 2832,4397 2986,4395 3140,4393 3294,4390 3448,4387 3602,4382 3757,4377"/>
                <TextEquiv>
                    <Unicode>18 Oct. Sah noch im Dunkeln hinaus und erblickte eine</Unicode>
                </TextEquiv>
            </TextLine>
            <TextLine id="r1l32" custom="readingOrder {index:29;}">
                <Coords points="451,4629 3862,4598 3861,4456 3590,4416 450,4468"/>
                <Baseline points="475,4573 643,4567 811,4562 979,4558 1147,4555 1316,4552 1484,4551 1652,4550 1820,4550 1988,4550 2157,4550 2325,4550 2493,4550 2661,4550 2829,4550 2998,4549 3166,4548 3334,4546 3502,4544 3670,4541 3839,4536"/>
                <TextEquiv>
                    <Unicode>lange Reihe von Lichtern: Neapel schon längsseits. Schnell</Unicode>
                </TextEquiv>
            </TextLine>
            <TextEquiv>
                <Unicode>40&#xD;
ruhig, daß man beim Sitzen glaubt, im Hafen zu liegen. Grade&#xD;
deshalb nimmt sie aber vorn viel Wasser über. Einige&#xD;
kräftige Spritzer durchnäßten uns oben auf d. Verdeck der&#xD;
ersten Klasse gründlich. Mittags nachlassend.&#xD;
Nichts von Kriegsschiffen zu sehen, wenn zweifelhaft doch immer&#xD;
noch die Frage, ob türkische oder italienische. Bei Kreta nachts.&#xD;
Alles kehrt zu Europäerkleidung zurück, doch mittags noch recht&#xD;
warm.&#xD;
17. Oct. Vorm. Kalabrien in Sicht, verschiedene Dampfer dicht unter&#xD;
Land. Viel große steile Trockentäler, zahlreiche Ortschaften. Trotz der&#xD;
Weinberge ist mir der Anblick so vieler Europäer-Steinhäuser&#xD;
erstaunlich: was mag jeder Einzelne da treiben?&#xD;
Mittags Straße von Messina. Ausreisenden D. O. A. G. Dampfer&#xD;
begrüßt. In Reggio u. Messina noch immer Stätten der Verwüstung&#xD;
und in langen gleichmäßigen Reihen die häßlichen Baracken&#xD;
Und San Franzisco war in einem Jahre schöner wieder aufgebaut!&#xD;
Hoch interessant die Meeresstrudel an der nördl. Einfahrt der&#xD;
Straße; allenthalben ruhiges Wasser, aber hier auf große Flächen&#xD;
hin mit deutlich merkbarer Grenze eine seltsame Unruhe auf&#xD;
der Oberfläche wie wenn Wasser soeben beginnt zu kochen.&#xD;
Aetna in Wolken, in letzter Zelt soll er heftige Ausbrüche gehabt haben,&#xD;
daher doppelt schade. Stromboli fast ganz ruhig. Einige Wolken bil„&#xD;
deten sich von Zeit zu Zeit am Gipfel, aber ohne Kenntnis der&#xD;
vulkanischen Natur, wäre man kaum auf den Gedanken ge„&#xD;
kommen. Die letzte Nacht an Bord! Captain's&#xD;
Dinner im geschmackvoll dekorierten Speisesaal. An Deck&#xD;
etwas Tanz.&#xD;
18 Oct. Sah noch im Dunkeln hinaus und erblickte eine&#xD;
lange Reihe von Lichtern: Neapel schon längsseits. Schnell</Unicode>
            </TextEquiv>
        </TextRegion>
    </Page>
</PcGts>
