4260 5213
3585 182 3770 450 39
290 589 3758 830 Passagieren wenig Mitleid bemerkbar. Das Schiff geht
247 726 3047 908 weiter u. d. Sache ist abgetan. Vorwärts!
481 897 3936 1089 Nachm. endlich über die windstille Zone hinaus u.
319 1010 3950 1235 nun etwas Luftzug von vorn. Nun ist es überstanden.
416 1141 3892 1372 11. Oct. Die See wie ein Spiegel, aber d. Luft nun an„
377 1358 3872 1533 genehm, mittags freilich noch warm. „Enzio“ von Huch
354 1433 4041 1719 gelesen, auf das mich schon d. „Kunstwart“ hingewiesen
367 1595 749 1846 hatte.
414 1779 4017 2007 12 Oct. Schön frisch am Morgen, wieder ein deutscher Dam„
324 1921 3980 2157 pher unter der Menge. Hübsche Begrüßungssitten. Bucht v. Suez.
384 2040 3974 2288 13 Oct. Morgens auf Suez zu, gegen 8 vor Anker. Quarantäne
364 2234 3906 2385 eingehend. Einfahrt in d. Kanal gegen 11. Konnten leider
353 2378 3889 2574 die Fahrt über Kairo nicht machen, da Zeit zwar vor„
407 2553 4025 2684 aussichtlich vorhanden, aber nicht garantiert werden konnte.
374 2583 3982 2814 Das westl. Ufer ist fast ständig mit Grün bedeckt infolge d.
375 2793 3961 2975 Süßwasserkanals u. Anpflanzungen. Die Kasuarinen in d.
387 2959 4054 3189 2½ Jahren anscheinend tüchtig gewachsen, denn ich konnte
383 3084 3946 3325 mich dieses Anblicks kaum entsinnen. Viehherden u. s. w.
377 3206 2311 3424 rechts dagegen trostlose Wüste.
468 3382 3937 3610 14 Oct. Morgens 6 Uhr in Port Saïd: An Land. Durch d. Ort,
410 3497 3764 3765 der häßlich, schmutzig ist u. auch kaum Interesse bietet.
406 3675 3901 3907 Die sittliche Verkommenheit ist grauenerregend. Ich
361 3827 3847 3993 ging rasch an Bord zurück, obwohl gekohlt wurde u. d.
356 3946 3682 4191 Aufenthalt unerfreulich war. Vom Kriege nichts
399 4104 2166 4344 zu spüren. Um 12 in See.
483 4285 3995 4490 15. Morgens weiße Kämme und hohe Wellen, aber keineswegs stürmisch;
317 4389 3926 4643 im Segelboot würde man's gehörig spüren, aber d. „Windhuk“ geht so
