4260 5213
3749 174 3957 386 35
303 566 4012 809 nach Kilwa-Kissiwani gesammelt, auch einige Fossilien
308 774 3979 934 in andersartigem Gestein; Kreide? Die Nummuliten etwa
313 941 3943 1131 nur Ablagerung in einer Bucht von Norden u. nicht von
314 1026 4031 1233 d. bunten Sandst. überlagert? Seeküh-Skelette besichtigt. Auf. Boma.
465 1200 4013 1368 28. Sept. Morgens Dampfer zurück, an Bord, er bleibt aber
323 1325 3852 1545 wegen großer Baumwollladung 28 Stunden auf d. Rheede,
350 1453 4017 1696 daher nochmals an Land. Abschied von meinen Leuten, die
373 1611 4068 1814 sämtlich zum Strande kamen u. morgen früh abmarschieren
333 1767 1990 1982 wollen zum Tendaguru.
515 1901 3938 2087 30. 29 Sept. Dampfer erst nachm. ab. Meine Leute war„
373 2038 3888 2222 teten, wie ich hörte, bis er außer Sicht sei. Wollte
342 2238 3899 2422 früh morgens im Einbaum zum Fischen mit auf ein
326 2379 3887 2547 Korallenriff fahren, aber er ließ mich im Stich.
631 2483 4019 2722 30. Sept. Morgens Bagamoyo, mittags Daressalaam,
367 2602 3997 2854 wo noch 2 D. O. A. S.-Dampfer u. beide kleinen Kreu„
372 2796 3791 3000 zer (Seeadler u. Geier). Beim Photographen Vincenti, im
363 2913 3943 3118 Zeitungslokal Rechnungen bezahlt, Einkäufe besonders
389 3020 4056 3272 in chinesischen Seiden für d. Angehörigen. Kann leider
376 3162 4024 3435 mein Geld nicht wechseln, da Bank Sonnabends nachm.
400 3311 3927 3537 auch an Dampfertagen (!) geschlossen. Nach d. Abendbrot
351 3499 3986 3702 im Kaiserhof zum Konzert der Askari-Kapelle. Fand
369 3666 4063 3855 sie heut wenig gut. Telegramm v. Ausbruch des italienisch-türk. Kriegs.
251 3820 3919 3963 Sonntag 1. October: Morgens mit Tagesanbruch Abfahrt.
493 3924 3959 4142 Stand früh auf u. nachm. Abschied. Schöner Sternenhim„
306 4100 2605 4325 mal, der Orion grade im Zenith.
666 4133 4059 4463 Mittags Zanzibar, nachm. 4 Uhr Tanga. Herr Voertmann
362 4380 3846 4567 bis hierher an Bord, durch seine Liebenswürdigkeit
383 4493 4004 4756 wurde mir hier mein Geld gewechselt. Bei Dunkel
