4260 5213
3817 201 3925 417 7
350 517 3944 744 3. Aug. Auf blöden Zickzack-Wegen (sowohl horizontal als vertikal) in
319 743 2768 974 eine Erosionsbucht des Plateaurandes, an deren
2582 717 2863 833 oberm
2720 731 3964 964 Ende eine 2te größere
329 856 3919 1116 u. vermutlich ältere, die das Lepraheim Noro enthält u. deren
315 1006 3953 1208 Wände das Höhlengestein bildet. Der Akide hatte mich führen wollen,
325 1206 3837 1387 stellte aber heut nur einen Führer, anscheinend weil ich diese Route
323 1292 3772 1502 gewählt hatte, an der eine ganze Menge Bananen u. Mtama zu
288 1419 3960 1610 sehen waren, die es gestern „nicht gab“. Der „Führer“ behauptete den
281 1581 3825 1769 Weg nicht zu kennen, einmal war er wirklich recht dumm u.
356 1757 3844 1954 zweitens wollte er durchaus nicht mit d. Höhlen herausrücken. Ich
355 1870 3794 2112 konnte mich nicht garzulange mit Suchen aufhalten, hatte keine
341 2011 4013 2239 vernünftige Lampe u. niemand traute sich mit zu dem „sheitani
353 2175 3922 2401 hinein, auch war ich selbst nicht sicher vor Löwen, Schlangen u. dgl.
377 2314 3707 2549 Immerhin einen interessanten Einblick in das Wesen des
378 2450 3836 2738 Ganzen gewonnen. Korallen od. sonstige Fossilien nicht zu sehen.
374 2603 3950 2797 Beim weiteren Aufstieg erstaunt, auf den Kalken (an deren höchster Stelle
366 2770 3992 2977 ganz undeutliche Fossilreste) rote Sande zu finden. Also doch „Mikindani-Sch“?
369 2927 3936 3093 Dann beim Abstieg darin wieder eine härtere rote Bank, die nur der
402 3058 3238 3298 Zone des New.-Sdst. angehören kann. Also doch Kreide?
2935 3161 3135 3314 ja!
3190 3057 3825 3269 Leider auch
378 3234 4077 3436 jetzt kein Blick auf d. Nebental des Mavudyi, in das wir hinabstiegen,
377 3416 3793 3555 oder gar diesen selbst. Machemba-Schamben auf stark zerrissenem
371 3518 3765 3673 Gelände, Trockentäler u. Hügelkuppen, deren Beziehungen zu den
386 3624 4017 3864 Plateauhöhen u. zum Mavudyi dauernd unsichtbar. Reiskäufe. D. Reis
369 3837 3839 4021 wird merkwürdigerweise im Talboden, auf d. Hängen u. Hügelrücken mit
372 3948 3993 4146 gleichem Erfolge gebaut, die Bodenfeuchtigkeit scheint danach weniger Ein„
379 4126 3886 4308 fluß zu haben. Der Boden aber ist einfacher Sand, wie er auch
360 4195 3922 4452 sonst weit verbreitet ist, ohne Reis zu tragen. Die Bewohner leben
387 4365 4058 4577 doppelt eingeengt von den steilen Höhen allerseits u. dem überall
380 4469 3938 4753 undurchdringlichen Busch. In letzterem hausen hier besonders zahlreiche
