4260 5213
231 195 452 389 22
469 268 3894 506 6. Sept. Morgens in weitem Bogen vom Makangaga- See durch Pori zum
418 420 3922 696 Graben, meist auf d. frischen Fährte einer Herde Hartebeester, die jedoch
418 562 3861 838 unauffindbar. Vom Graben aus abermals nach andrer Richtung
419 693 3867 906 in's Pori, erlegte nun eins von 3 Hartebeestern, denen wir im
402 886 3965 1089 Gras begegneten. Danach sofort ein Volk Perlhühner u. einen Riedbock
419 962 3834 1182 wenigstens gesehen, alles dicht beieinander. Wo aber bleiben die
399 1118 3950 1347 Schweine? Mir war morgens diese absolute Leblosigkeit selbst an
444 1285 3793 1491 sehr geeigneten Stellen wieder ein Rätsel u. fast unheimlich.
446 1424 3786 1678 Die Barappi-Herde bei Muazi, die ich in d. letzten 14 Tagen
437 1574 3812 1819 mehrmals gänzlich vergeblich gesucht hatte, wird natürlich von
454 1713 3707 1927 meinen auf einem Auftrag nur durchkommenden Leuten
470 1868 913 2048 gesichtet.
635 1965 3851 2254 Nachm. einen „Mwewe“-Raubvogel geschossen. Die Post kommt
461 2173 3976 2411 unerklärlicherweise auch heut noch nicht. Weiter im Kant gelesen.
525 2300 3868 2552 9. Sept. Die Leute sehen auf d. Wege z. Graben frische Spuren v. Hartebeestern,
477 2472 3860 2651 ich wieder hinterher, da ich in d. paar Tagen dem reichen Bestand
476 2597 3907 2840 nicht mehr Schaden zufügen kann. Bis westlich über den Namitambo,
483 2752 3994 3000 mehrfach frische Spuren in d. Asche eines gestern gut entwickelten Feuers,
501 2937 3853 3105 auch d. Elephant, aber nichts zu sehen. Zum Graben; die fundi's heben
516 3049 3900 3299 seit d. ersten nur noch ab u. machen's hübsch sorgfältig u. geschickt. Noch„
532 3183 3827 3437 mals auf Suche durch wilden Busch ohne alles Ergebnis außer Loch in
557 3362 3707 3541 d. Hose u. etwas reichliche Anstrengung. Die Sonne wird warm.
1071 3448 3513 3626 D. Wasserkunder sahen natürl. ca 10 Uhr am Wege zum Graben 3 Hartebeester.
759 3516 2682 3730 Post, endlich meine Zeitschriften.
577 3662 3798 3881 Nachm. etwas Fieber u. Kopfschmerzen, doch so, daß ich mich nicht
507 3825 3952 4019 veranlaßt sah sofort zu Bett zu gehen. Abends legte ich mich früher,
529 3992 3969 4172 aber des Fiebern war schon wieder vorbei. Ich habe gestern mein
559 4083 2060 4311 Chinin nicht genommen.
729 4236 1176 4457 8. Sept.
389 4508 3850 4812 Morgens ein wilder Hund in d. Falle, andere hörte man den ganzen Tag. Mußte
415 4706 1750 4937 ihn durch Ali abschießen lassen.
1133 4227 3887 4464 Nicht aus d. Lager gegangen. Zeitschriften gelesen u. mich
526 4382 3935 4592 damit über die Benommenheit hinweggetäuscht. Ein Genuß,
