4260 5213
356 210 563 417 32
393 429 3943 681 gradeswegs nach NO. Dann auf der Ssongea-Str. üb. Ssin-
404 596 3914 769 gino nach Kilwa. Gestern im Bachbett hatte ich große fossil„
403 714 3976 909 leere Platten gesehen, wie in Makangaga u. die Hänge
403 911 3940 1114 beim Jumben, waren mit ganz dichtem Geröll übersät.
422 1037 3875 1223 Heut erst kam mir ein Zweifel, ob der Ton mit d.
1706 1140 2241 1252 Oberkreide!
424 1197 3757 1361 Steinbrocken auch noch d. Kreide angehörte, er wurde
456 1339 3758 1557 allmählich mehr dem Befund des Kitulo ähnlich u.
439 1511 3945 1697 auf d. Barrabarra fand ich denn auch Nummuliten-
436 1625 3872 1865 Gestein. Nun habe ich d. Grenze doch nicht gefunden, es
403 1760 3785 1968 sei denn, daß — Makangaga im Tertiär liegt!
476 1955 3832 2143 Brücken auf d. Straße in miserablem Zustand, die
492 2054 3856 2244 Träger machten sich mit Recht darüber lustig, daß d.
449 2212 3827 2367 Balken mit Kokoskamba festgebunden waren (ob es
450 2336 4041 2631 in Kilwa kein Eisen gäbe?), Pfeiler umgestürzt, d. Ganze
480 2475 3933 2691 machte mir d. Eindruck, als sähe ich Reste einer alten
455 2625 3908 2819 Kultur. Böser Anstieg in Sonnenbrand u. tiefem Sand.
451 2843 3957 3028 Aber schöne Blicke auf d. See u. herrliche Vegetation auf
490 2922 3770 3104 d. breiten ebenen Ssingino-Rücken: Palmen u.
476 3113 3938 3309 Mangos in seltener Üppigkeit. Gegen die Küste hin
511 3194 3969 3424 noch ein Abstieg in 2 breiten Terrassen ganz niederes
487 3356 3913 3608 Gras, große Viehherden u. eine wahre Völkerwande„
447 3503 3253 3682 rung auf all d. Wegen aus d. Stadt.
726 3683 3670 3867 Unterkunft im Hause d. D. O. A. S. bei Herrn
467 3786 1143 4000 Schirmer.
669 3867 3982 4169 20. Sept. Kisten gesucht, Zoll, Arbeiter abgelöhnt außer Praeparatoren,
475 4053 2453 4299 die noch beim Packen helfen sollen.
630 4139 3934 4417 21. Nachm. Im Badebassin geschwommen, eine 2½ Jahre
469 4275 3853 4509 hindurch entbehrte Wohltat. Koffer umgepackt. Kegelabend.
516 4424 3814 4682 22. Kisten zu packen begonnen. Lerne einen Pater
