4260 5213
279 186 484 418 34
401 531 3848 798 25. Sept. Vorm. Ankunft des Dampfers. Fahre m. Hrn. Schirmer
403 728 3894 949 an Bord. Nachrichten etwas beunruhigender Art: Deutschland-
399 844 3841 1052 Frankreich wegen Marokko-Verhandlungen sehr gespannt,
405 1080 3961 1234 Deutschland habe 400 000 Mann Reserven einberufen (dazu gehört
408 1133 3886 1337 Bruno, wie ich weiß!), ein Inder in Daressalaam soll sogar
448 1257 3553 1499 Telegramm von d. Mobilmachung erhalten haben.
548 1438 3678 1638 Ali u. Koch Mohamed fahren nach Lindi, ersterer
381 1497 3913 1788 kommt an Bord wieder, um mich bis Daressalaam zu
378 1715 892 1943 bringen.
457 1797 3855 2063 26 fertig gepackt, Kisten vernagelt, in Zoll gebracht,
360 2012 1188 2189 dito Gehörne.
332 2099 3835 2391 27 Sept. Früh mit 2 Mann auf Ssingino u. an d. Barra„
405 2240 3840 2487 barra bis zu den Nummuliten. Recht weit u. heiß.
406 2388 3778 2692 Am Ssingino Steilhang gefunden, bestehend aus dem
374 2577 3802 2787 bunten (weiß- rot gefleckten) Sandstein vom Maliwe,
400 2677 3833 2888 mit Oberflächendecke von Eisenkrusten u. Newala-Sdst.-
420 2846 3897 3041 artigen Bildungen. Darunter Ton wassertragend. Also die
381 2953 3801 3124 Decke auf d. Saurierschichten doch nicht Kreide, da auch
392 3105 3949 3281 Nummuliten offenbar überlagernd. Mikindani-Trans„
390 3219 3845 3441 gression??? Auf d. Rückweg ngoma von Weibern, die
394 3388 3858 3619 z. T. „wazimu“ waren u. weiß „verschmierte Gesichter u. rote
439 3508 3982 3758 Tuchgürtel hatten. Die „dawa“ aber etwas zweifelhaft, denn
442 3645 3959 3853 während meiner Anwesenheit wurden weitere
452 3793 3930 4025 Tänzerinnen befallen, eine sank den Umstehenden
459 3939 3743 4195 in d. Arme, eine Andere lief davon u. wurde von
456 4092 3796 4298 Männern mit Gewalt eingefangen. Unter den
483 4263 4001 4523 Zuschauern Araber mit prachtvollen Schwertdolchen. Fragte
395 4407 2546 4648 einen nach d. Preise: 90 Rps!
668 4558 3945 4753 Inzwischen 2 andere Praeparatoren an d. Straße
