4260 5213
3864 171 3993 247 3
324 446 2472 644 27. Juli. Weg nach Muazi zu den Gräben.
1295 230 3787 501 Naiwanga, über Barrabarra nach Muazi, durch Pori zurück nach Kiwala.
2649 177 3999 336 Alle Wege recht erfolglos, da nichts zu
3804 289 4017 466 sehen.
2472 457 3827 654 Eine andre ebenso schlechte
433 589 3797 762 Stelle näher am Lager vor Kiwale liefert nur etwas Kieselholz,
416 707 2743 914 dafür dicht dabei einige Ammonitenfunde.
566 825 3931 995 Klar, heiß, mittags windig; an einigen Stellen konnte gebrannt
418 940 921 1150 werden.
880 944 3925 1152 28. VII Abend  8 Uhr bringt Ali d. Post direkt v. Kilwa. Regen. Nachm. Schönes Barappi dicht am
2696 1002 3844 1173 Lager in wüstem Gras erlegt.
332 1113 3940 1323 29. Juli: Weg nach O. anfangs durch wahnsinniges Gras, dann über eine
363 1252 4001 1482 gut abgebrannte Niederung. Fand einen Blödsinnigen, der nicht laufen
363 1377 3984 1631 kann, aber auch aus verschlossenem Hause u. nachts durch Kriechen in
354 1584 4057 1757 d. Busch entflieht. Der Bedauernswerte soll es erst etwa seit Ankunft
355 1724 3926 1905 meiner Wangoni, 2 Tage vor mir, haben. O weh, wenn das nur
371 1875 3800 2086 nicht auf mich fällt, die Leute sind ohnehin hier bockbeinig
387 2015 3876 2286 genug. Unsere Leute sind ausgescholten worden, weil sie mir
361 2167 3891 2368 Knochen zeigen u. dadurch mein Bleiben veranlassen: Euro„
380 2346 3911 2571 päer von Lindi hätten hier schon garnichts zu suchen. Das ist
386 2499 3897 2678 eigentlich etwas stark, aber ich verfüge über kein Kiboko u.
398 2666 3772 2838 möchte nicht sofort d. Bezirksamt anrufen. Aber d. Zustände im
386 2752 3894 2926 Kilwa-Bez. sind wirklich etwas arg. Allein, daß man unmittel„
370 2932 3963 3116 bar hinter Kilwa eine solche Urwüste entstehen läßt, sagt genug.
469 3046 3776 3226 Von Naluë waren mir einige große Schnecken gebracht worden. Ich
396 3182 3807 3367 finde dort wieder den Korallenkalk, der die alte Peneplain
397 3344 3940 3544 stützt. Ging über den Linganla nach Mikomirefi, aber mußte des
365 3459 3848 3718 Grases wegen umkehren, obwohl ich dicht bei einem guten
361 3637 3947 3883 Profil sein mußte. Kehrte auf Umweg über Kiwala zurück. Nichts,
355 3822 4003 4026 garnichts zu sehen. 2 vereinzelte Knochensplitter, dabei nichts sonst.
530 3928 2835 4188 Unterwegs Regen. Es ist zum Verzweifeln.
451 4108 3744 4292 Sonntag d. 30. Juli: Ließ nach O. Barrabarra schlagen, da einige
343 4228 3855 4443 Träger stark gebummelt hatten u. nachexerzieren mußten. Jetzt wird
356 4438 3913 4602 es am Lager doch menschenwürdig. Auch ein Brunnenloch ist in dem
372 4541 4039 4711 Ton, der den Sumpf trägt, gegraben u. viel Wasser darin, wenn auch trübe.
668 4690 4070 4939 Nahm mir die Jura-Arbeit (Zentralbahn) vor. Gelesen. Gobineau „Tänzerin
3234 4824 3937 5023 von Schamacha“
