4260 5213
218 207 433 399 20
617 323 3745 533 In der Natur dagegen ist die Form eine Funktion der mit ihr
470 477 3883 738 gleichzeitigen und in Wechselwirkung vor sich gehenden Vervollkomm„
474 584 3799 838 nung, entsprechend etwa einer körperlichen Vervollkommnung
452 799 3863 959 beispielsweise beim Hanteln: nicht das Heben, u. Verlagern, Halten
466 918 3785 1099 des Gewichts ist ja hier der Zweck, sondern die Kräftigung des
478 1037 3895 1233 Armes, mit der die allmähliche Erreichung jenes Zwischen-Endzieles
440 1207 3042 1402 (Zweck 2ter Ordnung) Hand in Hand fortschreitet.
627 1339 3806 1522 Man könnte also den Unterschied schroff so formulieren; daß in
467 1462 2944 1640 der Kultur die Wirkung (das Er- oder Gewirkte)
2938 1436 3130 1546 nur
2901 1449 3856 1629 Mittel zum Zweck,
385 1598 4015 1810 in der Natur der Zweck (das Erstrebte) nur die Wirkung der Ursache der Wirkung
390 1707 3871 1961 (des Produkts) wäre. Im ersteren Falle ist Hauptobjekt der Betrachtung,
445 1851 3888 2055 Aufmerksamkeit, Ausgangspunkt der Au Betrachtung der Endzweck, die
449 1991 3989 2220 „Wirkung“ Neben nebensächlicher Natur, im letzteren Falle sind die Rollen
434 2148 940 2389 vertauscht.
562 2264 3886 2467 Der Mensch hat den Drang, des Bedürfnis, fliegen zu können (dem
452 2417 3936 2664 beengten Verkehr die dritte Dimension also das Vielfache Raum des
420 2562 3758 2778 bisherigen Raums zu erobern). Er versucht es auf mancherlei
395 2686 3778 2947 Weise, trotz anfänglicher Fehl-Experimente gelingt es zuletzt
425 2826 3459 3024 auf mancherlei Art, das Ziel verändert u. verrückt sich nicht.
553 2980 4001 3197 In der Natur ist (wie bei d. absterbenden Bäumen) ein Mißglücken
462 3162 3840 3322 endgiltig, um ein Fehlversuch unersetzbar. Denn wenn einigen
455 3235 3880 3454 Formen das Fliegen gelingt, andre etwa an der Unmöglichkeit es
437 3402 1405 3613 fertig zu bringen.
1165 3377 2016 3494 (ebenso wie viele Menschen)
1360 3401 3661 3609 untergegangen sind, so darf man nicht
470 3494 3807 3701 Natur = Mensch, Art = Flugapparat setzen, sondern stets nur
466 3682 3974 3855 Art = Mensch, ihre Form = Flugapparat. Bewährt sich die Form nicht,
449 3797 3965 4017 ist es mit der Art aus, bewährt sich ein Flugapparat nicht, so geht
456 3942 1048 4176 der Mensch
1018 3936 1901 4033 (als Art, nicht als Individuum)
999 3945 3866 4161 daran nicht unter. Die erstere als falsch bezeichnete
455 4108 4039 4336 Parallele versteckt unter dem Wort Natur eine höhere Intelligenz,
475 4241 3933 4500 Gott, also etwas nicht natürliches, sondern Übernatürliches. Sie ver„
487 4379 3908 4617 stößt also gegen Kant's berechtigte Forderung die Naturwissen„
483 4617 3954 4825 Kunstprodukt u. Naturprodukt unterscheiden sich dadurch, daß ersteres außerhalb als Indi-
432 4750 3341 4925 viduum für sich (gleichsam ein Sklave) besteht, letzteres untrennbar
3106 4848 3999 5023 (grade dadurch verderblich)
3292 4712 4043 4897 ist. Der gekräftigte
458 4858 3038 5038 Armmuskel ist trotz der bewußten Absicht ein Naturprodukt.
