4260 5213
281 222 504 398 10
393 369 3922 625 Viel herausgebrannt, aber immer nur in kleinen Inseln. Überall der
379 568 3930 727 Korallenkalk auflagernd, z. T. in großen, auch senkrecht stehenden Platten
384 701 3926 908 oder Blöcken. 1 fossiles Holz im Liegenden, sonst keine Bachrisse od. Auf„
407 840 3809 1066 schlüsse. Zuletzt in ein größeres Feuer, wo schon wieder junges Gras
391 952 3903 1221 sproßte. Hier erst ein Ngose-Pärchen, dessen Bock ich erlegte, nachher
394 1114 3910 1381 eine ganze Herde meist aus jungen Tieren, so daß ich nicht schoß
401 1250 3908 1483 zum Ärger d. Schwarzen. Gleichzeitig 2 mbango's vor mir, 2 mal
428 1429 2590 1650 gefehlt, was jene Herde kaum irritierte.
674 1575 3936 1733 8. Aug. Es regnet schon wieder ziemlich kräftig! Briefe, aber das Gras„
448 1738 3930 1961 dach hält nicht dicht bei dem Guß! Neue Gräben bei Kiwala begonnen,
493 1858 3690 2038 wo 2 Knochenstellen neuerdings. Ein Warzenschwein geschossen.
668 2023 4026 2252 9. Aug. Fand am Wege zu d. Gräben dicht beim Lager frische Spuren,
504 2191 4047 2402 ließ Ali m. Gewehr nachkommen u. erlegte nach langem Suchen
512 2289 3756 2538 ganz in d. Nähe wieder ein ngose, leider schon das 2te
519 2468 3776 2678 trächtige Weibchen, aber ein Unterscheiden ist im Pori bei
485 2585 3914 2839 diesen Antilopen völlig ausgeschlossen. Bei den neuen Gräben
511 2761 1681 2963 ein brauchbares Femur.
629 2856 3904 3079 10 Aug. Hatte gestern geglaubt endlich die richtige Stelle gefaßt zu
523 3030 2212 3267 haben, aber nichts weiter darin.
613 3183 3945 3354 11. Aug. Nach Muazi auf Jagd, aber nichts gesehen, d. Gras bleibt unverän„
485 3328 3953 3499 dert grün. Etwas Knochenschicht durch Namitambo freigelegt. Arbeit an
484 3461 2309 3714 3 Stellen am Wege nach Naiwanga.
599 3650 3905 3800 12. Aug. Folgte morgens Perlhühnern nach O über den Linganla, auf
454 3824 3698 4002 dessen rechtem Ufer schöne hüglige Grassteppe. Wenn man nur
462 3903 3824 4144 brennen könnte! Über den Fluß zurück, nur durch Elephantenwege
473 4084 1548 4312 überhaupt möglich.
584 4178 3947 4424 Sonntag d. 13. Aug. Alle Tage bedeckt, an Brennen nicht zu denken!
465 4388 4003 4561 Vorm. Perlhühner in d. Nähe geschossen, es leben zahllose starke Völker hier.
