4260 5213
350 225 594 444 16
506 389 3790 625 21. Aug. Morgens nach Muazi, wo dicht nördlich an d. Barrabarra eine
357 632 3834 800 Reihe Knochenstellen gesehen sind. Es ist hier schon 3mal gebrannt, aber
391 679 3978 934 es schafft nichts. An 2 Stellen könnte man möglichenfalls später graben
380 875 3799 1092 lassen, alles andre aussichtslos. Höre mit Erstaunen, daß die an sich
413 989 3868 1211 mir kaum verständliche Quelle von Muazi früher erheblicher reicher ge„
397 1190 3879 1375 wesen sei. Ein Araber habe an den ganzen Hang Zuckerrohr gepflanzt.
402 1297 3752 1518 O was hat der Aufstand alles zerstört! War recht müde u. mußte
405 1463 3967 1619 zuweilen ausruhen. Außerdem sonnig, so daß wieder gebrannt werden
446 1602 796 1778 konnte.
422 1679 953 1975 22. Aug.
922 1647 1951 1835 Morgens Löwen am Wasserloch
910 1786 3855 1969 Halswirbelsäule gezeichnet. Aufsatz üb. Landschaftsformen u. ihre
400 1915 3894 2147 Entstehung (Lindi-Kilwa) zum dritten Male begonnen. Am Graben gezeichnet u.
3625 1958 4018 2120 photographiert.
438 2073 3782 2266 23. Aug. Schoß morgens nahe beim Lager ein schönes Riedbock-
399 2191 3846 2384 Männchen. Die Haare des Schweifs bewegten sich noch eine Weile nach
434 2310 3791 2528 dem Tode; das ist nach Aussage meines Führers ein Zeichen,
430 2527 3822 2696 daß man an dem Tage noch mehr erbeuten wird. Ging aber
441 2592 3860 2865 zum Graben, wo jetzt 12 Halswirbel im Zusammenhang frei„
451 2757 3822 2965 liegen. Regen. Ankunft unsres „Jumbe“ Saidi b. Ali vom
414 2916 3068 3176 Tendaguru, habe aber keine Beschäftigung für ihn.
659 3005 3854 3299 Fieber, mußte mich nachm. zu Bett legen. Nur 39,2° u.
479 3212 1653 3438 in d. Nacht aufhörend.
577 3353 3821 3606 24. Aug. Blieb des feuchtkalten, regnerischen Morgens wegen bis 11
469 3495 3102 3733 im Bett, nachm im Liegestuhl. Noch Kopfschmerzen.
569 3653 3967 3834 25. Aug. Wartete ab bis Regen u. Wolken vorbei waren u. ging dann
470 3795 4004 4040 zum Graben, regnete aber doch tüchtig ein. Noch nicht auf dem Posten.
586 3933 3785 4123 26. Aug. Auch heut wieder etwas Regen. Poscho-Zahlung. Nicht am
510 4062 2734 4329 Graben. Aufsatz (vorläufig) über Landschaftsformen.
494 4187 3777 4473 Sonntag d. 27. Aug. Möchte den Leuten so gern mal wieder
468 4387 4002 4620 ein Stück Fleisch schießen, aber gestern abend und heut (nahe Naluë)
