4260 5213
3660 197 3852 369 49
279 548 4058 806 Sonntag d. 29. Oct. Wollte mit Dampfer u. Bahn zum Lago Maggiore, wohin
360 724 3970 928 am Sonntag billige Preise. Aber es war schon wieder aus mit dem
371 912 3730 1104 schönen Wetter. Die Zeit ist um, es hilft nichts. Eine drohende
365 1024 3962 1205 Wolkenbank zog herauf, nur nicht noch einen Regentag im Zim„
420 1189 3952 1402 mer. Aus Flüelen war gutes Wetter gemeldet, also schnell ent„
394 1322 3935 1538 schlossen über die Wasserscheide. Fahrt mit der Gotthardbahn, zum
429 1421 3955 1671 ersten Mal durch den Tunnel: von dem Wunderwerk merkt
427 1626 3953 1761 man garnichts. Von Airolo ab wieder in bekanntem von Gösche-
418 1710 3911 1906 nen in verwandtem Gebiet. Heimat! Sehr schöne Blicke von der
444 1854 2100 2092 Fahrt. Oben überall Neuschnee.
572 2019 3913 2171 In Flüelen nicht mit Dampfer weiter gefahren, um den Tag zu nutzen.
449 2114 3891 2289 Auf Hotelveranda in der Sonne gefrühstückt. Nachm. zu Fuß zur Tells„
426 2215 3766 2445 Kapelle auf der einzigen Axenstraße. Es begann schon wieder
426 2389 4032 2610 Regen. Mit Dampfer zurück. Was nun mit dem langen Abend?
481 2493 3864 2672 Meine Wirtsleute fuhren nach Altdorf zum Theater, ich natürlich
456 2679 3949 2853 mit (elektr. Bahn) Ein kleines Lustspiel von Altdörfler'n gespielt und
464 2761 3790 3003 etwas Musik. Nicht bedeutend, aber doch eine Unterhaltung, die
490 2897 2897 3101 man gelten lassen kann. Starker Regen.
788 3022 3805 3256 30. Oct. Ganz früh noch im Dunkeln (6 Uhr) mit Dampfer
506 3174 3838 3368 über den ganzen See, an Luzern 9 Uhr. Vor Brunnen schon
547 3294 3644 3485 wurde es hell. Aber in nicht großer Höhe lagerte eine
546 3416 3951 3614 dichte Wolkenschicht und schnitt alle Spitzen ab. Dennoch ein
507 3595 3936 3783 liebes Wiedersehen. Allerdings recht kalt, mußte häufig in
522 3651 3975 3856 die Kajüte gehen. In Luzern Anschluß, Fahrt nach  Zürich.
509 3812 3952 3981 Wollte das mir früher gerühmte naturhistor. Museum besuchen.
480 3936 3751 4144 Als ich es endlich fand, war es wegen Umbau geschlossen.
568 4071 3930 4319 Mittagessen, Stadt besichtigt. Sehr hübscher Bau des Landesmu„
448 4257 3969 4467 seums. In d. Parkanlagen dabei mir Herr, der die ihm zutraulich
465 4351 3907 4615 zufliegenden Vögel fütterte. Im Kafé Zeitungen gelesen, Geld
