4260 5213
3772 229 3898 426 9
280 572 3904 798 durch den freien Libiti-Wald, an der Plateaugrenze freilich wieder Busch.
287 722 3843 888 Aber es ist doch auch ein Erlebnis, dies Gewirr von plumpen dunklen, dann
302 877 3836 1069 wieder hellgrünen  scheinbar beweglichen Schlangen, die da all
335 1002 3938 1213 ihre Leiber verstricken, und durch alles verstreut grelle Sonnen„
333 1166 3912 1387 lichter zwischen düstern Schatten. Frische Barappi-Spuren zahlreich, folgte
338 1355 3913 1532 lange, ohne etwas zu sehen. Die Träger begegneten natürlich nach mir der
340 1453 3937 1639 Herde unmittelbar am Wege. Durch abgebranntes, aber noch fast undurch„
368 1620 3830 1816 dringliches Gras zu einer Gesteins-Fundstelle, der Kalk tritt wieder in
365 1730 3999 1967 großen weißen (nicht gefärbt oder wieder entfärbt?) Felsblöcken stellen„
367 1883 3933 2085 weise aus d. Sande; Bornh. hat in d. Nähe Nerineen gesehen, wohl iden„
344 2052 3896 2234 tisch m. d. Schnecken d. Korallenriffs, die als Liegendes (!) auch in Ma-
373 2197 3935 2423 chemba gefunden wurden u. in großen zahlreichen, aber nicht sehr guten
358 2306 3978 2539 Exemplaren auch am Kihendze unter einer Steilwand anstehen, wo ich
368 2467 4023 2718 sie freilich nicht selbst gesehen habe (bei Jumbe Ntopa) Ein flüchtiger Blick
388 2609 3777 2832 durch die Baumkronen schien mir auf eine riesige Talmulde zu
372 2763 3992 2925 deuten, deren Ostrand d. Kiturika ist, in deren Tiefstes die Kiguruka-
367 2927 3811 3137 Barrabarra u. auf deren Westrand d. Songea-Str. verlaufen
380 3058 3847 3229 dürfte. Hier also die Plateauhöhe in unmittelbarer Beziehung zur
393 3205 3950 3373 Talsohle, im S nur durch Terrassen. In d. Gräben inzwischen nichts
370 3355 754 3532 Neues.
419 3520 3984 3726 5. Aug. Brennen, brennen, brennen, daß wir uns endlich bewegen
327 3671 3987 3861 u. umsehen können! Aber alles vergeblich, selbst heut bei klarem Mittag
339 3779 2653 4016 u. kräftigem Wind! Es ist zum Verzweifeln.
437 3936 3909 4165 Sonntag d. 6.VIII. Briefe. Mittags gleiche Witterung wie gestern, heut
423 4078 3149 4351 brannte es. Das Gras hat Launen. Kimuëra-Studien
541 4226 3885 4452 7. Aug. Schickte Wangoni, für die hier keine Arbeit, nach Mchuya u. Ruawa,
365 4429 3958 4591 um Reis u. Mtama zu holen. Hier lohnt's selbst bei diesen Entfernungen.
374 4525 3877 4746 Vorm. mit d. Praeparatoren westlich am Dalakasha vorbei vorgedrungen.
