4260 5213
376 199 558 443 46
340 576 3851 777 meiner Aufmerksamkeit rauben durfte kann ich mir jetzt
333 723 3998 886 nicht verübeln. Ich muß nachholen! Die Straßenbilder erstaunten
352 853 3776 1031 mich durch ihre unbekümmerte Altertümlichkeit, denen
386 1007 3707 1195 Baedecker und Cook noch nichts genommen haben.
446 1115 3585 1375 Mittags bei Tisch im Speisesaal noch sehr heiß.
628 1299 3871 1523 25. Oct. Weiterfahrt nach Mailand. Unerwartet schöne Blicke
458 1422 3928 1620 beim Übergang über den Apennin. Es reizt wieder zum Wan„
452 1595 3881 1775 dern. Aber es zieht auch nordwärts, wo eine Mutter wartet.
414 1683 3999 1906 Ankunft nachmittags bei strömendem Regen. Ging in das „deutsche“
418 1878 3946 2064 Hotel (deutsch. Haus?), dessen Wirtin kein Wort deutsch und wenig französisch
420 1993 3718 2168 versteht. Eine zugestutzte Villa, der Speisesaal ist Wohnraum der
464 2110 3930 2299 Besitzerin. Nun das stört mich nicht. Es war schon früh dunkel,
429 2230 3022 2469 ich sah noch einige Straßen die wenig bieten.
596 2307 3922 2585 26. Oct. Durch die Stadt zum Dom, dessen Spitzen u. Türmchen
472 2465 3942 2669 im Nebel kaum noch sichtbar waren. Alles grau u. feucht,
485 2627 3982 2824 Im Innern fast ganz dunkel. Dennoch bot mir dies Innere
505 2803 3961 2949 auf das ich in keiner Weise vorbereitet war, einen weit
484 2913 3936 3159 stimmungsvolleren, tiefdringenden Eindruck, als der Peters-
503 3087 3886 3264 Dom, nur das Straßburger Münster könnte ich diesem etwa
521 3186 3286 3420 gleichstellen. Von Einzelheiten kaum etwas zu sehen.
708 3238 3943 3481 Durch Straßen u. Plätze, die mir aber nichts boten. Fuhr in's Natur„
525 3408 3954 3579 kundemuseum u. besah die geol.-paläontol. Abteilung, fand aber nichts
473 3553 1239 3716 Wesentliches.
727 3571 3978 3802 Nachm. klarte es etwas auf, abermals in den Dom. Ein Herr sprach mich
489 3726 3838 3911 französisch an, nach einer Weile merkten wir, daß wir Landsleute seien.
501 3854 4048 4026 Ich merkte sogar, daß es einer jener gesellschaftsbedürftigen sei, die man
532 3948 4042 4083 ohne Unhöflichkeit schwer los wird Und nun begann ein trauriges Kapi„
573 4061 3992 4203 tel, daß mir nicht durch seinen Inhalt, sondern als Symptom für meinen
554 4165 3937 4338 Charakter einen höchst unerfreulichen Abschluß meiner Italien„
578 4244 3921 4415 reise brachte. Zunächst verstand ich nicht einen mir unbequemen
578 4400 3970 4609 Gesellschafter loszuwerden, alle Ausflüchte retteten mich nicht: tant
