4260 5213
275 275 398 459 8
326 496 4062 785 Büffel. Sandte Leute nach ihnen aus u. erhielt um 4 etwa Meldung. Darauf
370 753 4027 947 ging ich mit starker Begleitung bis zu dem überraschend entfernten Fluß
342 845 3980 1066 (ca ½ Std. Die Leute schöpfen z. T. aus Wasserlöchern!), u. jenseits in d. Dickicht. Plötz„
357 999 3881 1222 lich ging unmittelbar vor uns d. Gekrache los, wir waren, ehe ich noch d.
389 1113 3834 1383 Gewehr selbst genommen hatte, der starken Herde auf vielleicht 25 m.
394 1299 3945 1488 nahe gekommen, ohne daß auch nur das Geringste v. d. Tieren sichtbar
389 1461 3834 1675 wurde. Wir flüchteten eiligst, da sie ebensogut auf uns zukommen
366 1608 3838 1816 konnten. Auch Brüllen der Kühe ertönte. Da hier nicht möglich war,
349 1736 3923 1956 zu Schuß zu kommen, wollte ich in eine angrenzende yangwa (offenen
355 1892 3910 2129 Wald) auf die sie zu geflüchtet waren. Meine Führer gingen furchtlos,
406 2066 3924 2232 wenn auch vorsichtig in gleicher Richtung weiter, wobei plötzlich
419 2242 3896 2417 auch auf d. andern Seite d. Krachen losging. Das war mir doch
428 2282 3984 2558 etwas unheimlich, zumal jede Kugel nach spätestens 5 m. abge„
420 2482 3930 2651 lenkt werden mußte u. so nahe wohl nur ein bereits an„
432 2638 3941 2841 stürmender Büffel kommt. Wir gingen dann am Rande rings
412 2776 3995 2955 um d. Gehölz, ohne etwas zu sehen (als die Wald-bestandene Fläche, die
441 2932 4075 3161 hier - anscheinend beim Zusammenstoß der Täler d. Mavudyi u. Kihendye -
417 3058 3991 3262 in den Busch u. d. Hügelland unvermittelt eingestreut ist.) Auf d. Weg
429 3215 4021 3362 zurückgekehrt trafen wir den Jumben, einen alten freundlichen hübschen
438 3353 4036 3582 Greis mit 2 kleinen Kindere ruhig auf d. Nachhausewege, er berichtete
456 3487 3993 3675 daß die Spuren nahe am Fluß üb. d. Weg führten. In d. Tat war die
478 3653 3969 3889 ganze Herde im Bogen rückwärts durchgebrochen u. zwar im übrigen
462 3795 4063 4035 völlig lautlos. Es war überflüssig in dem Dickicht zu folgen, ich kehrte wieder
448 3942 4072 4095 unverrichteter Sache heim, aber doch um einige seltsame Erfahrungen
464 4112 3877 4314 reicher. Die Leutchen hier in diesem verlornen Talkessel kamen
461 4214 3772 4379 mir sehr viel freundlicher vor als alle andern Kilwa-Bewohner.
789 4391 3897 4622 4. Aug. Rückkehr nach Makangaga. Morgens schöne Wanderung
