4260 5213
298 285 414 440 6
422 531 3757 797 Im Fluße Nindi wenige, aber wichtige Fossilien. Wieder sehr starke Mäander
382 725 3948 872 beobachtet, nirgends gebrannt. Felder nicht so reichlich wie erwartet, beim Akiden
352 844 3954 1072 sogar ziemliches Pori u. kaum ein Plätzchen für's Zelt. Der ganze Bezirk
364 1079 3823 1243 kommt mir nach Lindi unordentlich vor. Essen nicht zu haben, hätte ich
352 1165 3910 1348 nicht selber mitgenommen, müßten die Träger hungern. Gestern hatte ich
368 1281 3947 1510 einen indischen Händler für meine Zwecke engagieren wollen, aber
392 1453 2225 1676 auch er bekommt dies Jahr nichts.
534 1607 3904 1768 Nachm. auf d. rechte Steilufer des Mavudyi unmittelbar nach seinem
412 1750 3849 1968 Austritt aus der Schlucht, von der leider nicht der geringste Anblick zu
433 1887 3840 2069 gewinnen war, so daß ich selbst über ihre Breite im Unklaren bin.
422 2046 3851 2273 Profil leider eintöniger als erwartet, mit deutlicher 70 m.-Terrasse.
418 2152 3798 2407 Oben flachkuppige Höhe mit Sandboden u. lichtem Wald, gebrannt. Durch schwache
405 2347 3944 2556 Lücke erkennbar, daß jenseitiges Ufer bedeutend höher. Demnach wohl, wie
409 2475 3815 2663 erwartet, hier in einer Eintiefung des Plateaurandes, die gestern auf
435 2628 4001 2824 d. Marsche an einer Stelle deutlich sichtbar war und nichts andres bedeuten
404 2779 1978 2957 kann, als einen alten Talboden:
2730 2835 3224 3035 jetzige Schlucht.
612 2954 3814 3180 Konnte durchaus keine vernünftige Auskunft über den Weg nach
432 3081 3919 3263 Machemba wenig oberhalb in d. Bergen erlangen, vor allem über d.
455 3213 3976 3372 Möglichkeit, durch die Schlucht selbst zu kommen. Endlich schickten 2 vor„
437 3355 3906 3524 ausgesandte Praeparatoren Nachricht, daß ihr Weg für Träger gänzlich ummög„
444 3480 3966 3659 lich sei. Mir blieb nur der von d. Schlucht am weitesten entfernte, der
418 3604 3823 3863 freilich über ein wieder mal glänzend gelegtes Lepraheim führte.
441 3772 3861 4024 Höhlen gab es vermutlich auf allen Wegen, doch war auch darüber
463 3928 3785 4111 nichts rechtes zu erfahren. Kurz d. Hinterland von Kilwa Kissiwani
439 4144 3854 4318 eigentlich unzugänglich. Der Akide ein Neffe des einst hier bekriegten
474 4215 3982 4416 u. in Ruawa gefangenen, dann gehangenen Räuber-Myao's. Kein
429 4400 3021 4615 Wunder, daß er mir unzuverlässig vorkam!
