4260 5213
3751 235 3949 415 15
321 359 3822 641 wieder: sie drückten sich selbst in d. Schutz hoher Laubbäume.
282 535 3859 804 Daß mir doch diese Sehnsucht erfüllt ist! Kurze Rast beim
312 748 3772 980 Jumben, um 1 Uhr im Lager. Hatte gestern brennen u. heut
292 849 3962 1126 alles absuchen lassen, auch auf Matumbi-Ufer, aber ohne Erfolg.
294 1007 3988 1320 Der geol.-morphol. Aufschluß über den See, den ich mir erheblich
268 1177 3678 1463 anders vorgestellt hatte, ist mir jedoch recht wertvoll.
433 1467 3898 1685 Ich hatte eigentlich heut zum ehemal. Sultan Kapilima oder doch
344 1595 3888 1773 auf irgend einem Wege am Likandangware-Tal aufwärts gehen
348 1765 4008 1958 wollen, doch die Unbewohntheit muß sich immer weiter ausdehnen,
347 1923 3854 2123 da niemand etwas in dem Gebiet zu suchen hat u. nun d.
359 2071 4029 2300 Grenzen infolge der Verwilderung noch weiter zurückweichen. Es
377 2213 3851 2438 war mir ganz unmöglich, ich muß morgen denselben wenig
402 2249 3914 2570 bietenden u. durch viele kleine Hügel ermüdenden Weg
369 2462 1884 2699 über Nambunju zurück.
578 2619 4005 2901 19. Aug. Morgens sehr früh bei Mondschein über Barrabarra
358 2764 3959 3059 Rückweg angetreten. Sah schönes großes Barappi. In Nam-
328 2918 3728 3161 bunju kurze Rast. Mitore-Nambunju 3 Std., Nambunju-
300 3129 4069 3321 Makangaga 1½-2 Std. Ging nicht zum Graben, da mir gemeldet
317 3256 3824 3538 wurde, es sei nichts. Poscho-Zahlung. Post, Brief von
275 3458 2929 3720 Mama aus Bornholm; wie ich mich freue!
473 3600 3933 3904 Sonntag d. 20. Aug: Wollte Ruhetag machen, mußte jedoch
392 3783 4035 4092 den Graben besichtigen, da der Aufseher günstige Meldung machte
385 3980 3809 4257 u. ich Janensch benachrichtigen wollte. In d. Tat ein einst
376 4107 3983 4371 vollständiges Skelett, dessen Rumpf u. Halswirbels. in situ klar
409 4280 3460 4568 zu erkennen, wenn auch nicht tadellos erhalten.
577 4450 4021 4690 Bedeckt. Post beendigt. Aufsatz üb. Namengebung der Schwarzen (geographisch)
