4260 5213
221 347 381 492 2
477 414 3919 660 sah nunmehr zu meinem Entsetzen, daß es nicht weniger
476 567 4038 798 als 1 Bein- und 3(!) Brustschüsse mit Ausschußlöchern hatte. Wenn
453 760 4028 950 ein Tier damit nicht fällt, bin ich freilich machtlos. Ich fürchte
437 886 3861 1021 nun fast, daß auch von den Andern noch eins angeschossen
407 1013 3836 1216 sein könnte, obwohl sie im strammen Galopp abgingen u.
414 1134 3370 1387 nicht mehr auffindbar waren, auch nicht Blutspuren.
669 1235 3841 1518 Ich hoffte, für Fleisch eine Barrabarra vom Jumben zum Lager
441 1430 3893 1674 schlagen zu können, doch erklärten die Leute, das täten sie nur
454 1636 3842 1809 gegen Geld. Für hiesige Begriffe ist das ziemlich unverschämt,
444 1736 3948 1904 doch verzichtete ich nun ohne weiteres. Sklavenarbeit wünsche ich
432 1879 3909 2073 nicht. Gegen Mittag ziemlich heftiger Regen. Da soll das
429 2011 2337 2264 Gras trocknen! Briefe.
690 2182 3873 2421 24. Juli. Schicke Ali wegen Zahnschmerzen mit Trägern nach
438 2318 3058 2564 Kilwa, um mich dort zur Stelle zu melden.
537 2454 4036 2663 Besichtigte Knochenstellen am Wege nach Muazi; alles unbrauch„
431 2615 3139 2860 bar, aber ich habe nichts besseres. Gräben angesetzt
2663 2597 3090 2721 bestimmt.
3092 2641 3800 2858 Einige der
475 2776 4023 2946 Janensch'schen Knochenfunde waren selbst dem dort gewesenen Führer
446 2970 4030 3151 nicht vollzählig auffindbar, obwohl sie dicht beieinander liegen
467 3047 2844 3280 und eine gefunden wurde. O Gras, o Graus!
558 3186 3992 3378 25. Juli. Zu graben begonnen. Bedeckter Himmel, an Brennen
502 3365 4005 3550 kein Gedanke. Trig. Beyschlagi in 3 kl. Exemplaren, anscheinend zw. 2 Saurierschichten.
592 3492 3897 3744 26. Juli. Den hiesigen „Tendaguru“ namens Ndalakasha bestiegen,
512 3672 4021 3904 Weg durch Gras, der ziemlich steile Berg voll dichten Busches. Hübsche
514 3823 4001 3972 Übersicht, Peilen freilich z. T. durch Vegetation verhindert. Erosions„
515 3951 4081 4196 rest aus den Korallenkalk, der am Kihendye auf Bornhardti-Pflaster
498 4147 3984 4333 ruhte. Zurück zum Wege nach Kiguruka, den Mpungiro-Fluß im
500 4240 3982 4435 Bett abwärts, wo Janensch etwas gesehen hatte. Fand nur Sau„
501 4370 2363 4600 rierschicht, aber kein Knöchelchen.
757 4511 2142 4756 Banda im Lager gebaut.
220 3990 487 4170 =Urgon
