4260 5213
3661 232 3923 382 27
357 565 3967 799 Gottes „Es werde Licht“ für einen Erlaß an die unterstellte
392 716 3989 883 Behörde ansehen! Wie die das dann macht, das ist ihre Sache!
515 917 3811 1064 13. Sept. In der Falle, die seit 2 Tagen am Brunnenloch von
368 1018 4051 1227 Kiwala steht, wieder einen „Wolf“ (wilden Hund) gefangen. Mußte
376 1128 3841 1384 freilich Fell, Falle u. Brunnen v. meinen Leuten gründlichst
368 1289 3941 1461 reinigen lassen, da das Tier hineingefallen u. schon fast er„
316 1455 3694 1637 trunken war, als ich's erlöst. Wer aber in Afrika in's
347 1576 2126 1843 „Wasser“ fällt, besudelt sich.
615 1766 3829 1976 Ging dann durch den Wald von Muazi, sah aber wieder
388 1889 3930 2129 weder Barappis noch sonst etwas Lebendes. Es ist wirklich
389 2025 972 2277 fabelhaft.
521 2063 3937 2319 Der Hals wird u. wird nicht fertig u. der Lasten immer
386 2286 690 2495 mehr.
551 2340 4020 2651 Mit meiner Lektüre schon wieder am Ende, greife immer
422 2548 4069 2778 wieder zu Kant u. mit viel Anregung, die mich zu schriftlichen
440 2672 3909 2846 Niederlegungen veranlaßt. Aber wenn ich unabhängig wäre,
403 2841 4038 3078 setzte ich mich hin, übersetzte Kant in's Deutsche u. möchte glauben,
444 2954 3795 3155 daß er dann auch Aufnahme bei den Dichtern u. Denkern
423 3155 3938 3387 fände. Dieses Konstruktionsbasteln ist schlimmer als bei Cicero
454 3245 3997 3463 u. zu anstrengend. Einen kl. Teil der Schuld trägt freilich
431 3380 3916 3611 unsere Sprache selbst, weil sie die Praedikate (außer in d.
443 3603 3885 3799 Inversion) so wüst auseinanderreißt. Und was Kant'scher
399 3741 3953 4045 Gedankenstrom dazwischen hineinstrudelt, muß notwendiger„
420 3936 3876 4175 weise sprengend wirken. Wir sollen dann die Trümmer
420 4099 3953 4295 wieder zusammenleimen u. zugleich den Gedankengängen
397 4218 2132 4496 folgen! Ich kann das nicht.
621 4348 3764 4625 14. Sept. Viel im Graben. Es rückt nicht. Wieder keine
