4260 5213
323 239 531 449 24
449 408 3902 677 die Hartebeester (Barappi wäre mir lieber gewesen) ziem„
451 554 3984 763 lich nahe, aber so ungünstig hinter vielen kleinen Bäumchen,
450 691 3838 1000 daß eine Kugel vermutlich abgelenkt worden wäre. Sie
508 885 3842 1159 gingen wieder ab u. nun war alles Streifen völlig
503 1016 3818 1268 vergebens, auch andre Herden oder Einzelgänger nicht
514 1154 3930 1478 zu finden, nur ein flüchtiges Warzenschwein. Ich kam
474 1311 3759 1652 also überhaupt garnicht zu Schuß, außer einmal auf
461 1479 3926 1834 Perlhühner sehr ungedeckt u. weit, natürlich traf d. Schrot
501 1716 1528 1985 mal wieder nicht.
712 1771 3980 2129 Inzwischen waren 6 Wangoni selbst auf Jagd gewesen u.
515 2057 3899 2266 beschämten mich mit einem Buschbockweibchen, das sie
553 2170 3950 2451 gejagt u. mit Keulenwurf erlegt hatten, freilich hatte es
535 2293 3862 2571 einen beschädigten Lauf. Dennoch alle Achtung. Erstens
531 2465 3808 2791 sehe ich keine Buschböcke, zweitens kann ich im Busch nicht
603 2632 3991 2927 folgen, drittens hindern d. Bäume am Schießen, geschweige
562 2779 3859 3047 denn Werfen u. viertens gehört eine anständige Ge„
583 2929 2464 3189 schwindigkeit zu solchem Laufen.
730 3130 3726 3352 „Kunstwart“ (sehr anregungsreich) u. „Naturw. Wochenschr.“
623 3275 978 3479 gelesen.
772 3294 4051 3569 Mußte heut Leute zum Mtama-Einkauf schicken, da d. Leute nichts zu essen haben.
724 3484 3977 3674 11. Sept. Morgens im Wald von Muazi, die Barappis zu suchen, natür„
572 3591 3881 3848 lich nicht d. Geringste zu sehen, über Barrabarra gegen Tila-
615 3785 3857 3996 wandu, wo ich vorgestern habe brennen lassen u. wo sich
610 3976 3858 4141 Kudu's aufhalten sollen, was bei dem sehr zerschnittenen Ge„
559 4108 3938 4281 lände nicht unmöglich ist. Keine Spur. Am Graben erfuhr ich
586 4259 3795 4505 dann, es sei eine Herde von Barappis u. Gnus über d.
553 4398 3766 4668 Weg gegangen. Folgte nochmals, sah aber nicht einmal
