4260 5213
256 223 492 383 42
398 533 3798 755 teilnahmslos; bei den Schlußworten „viva Tripoli Italiana!“
445 702 3962 885 begann Einer schüchtern zu klatschen, aber es erstickte im
432 846 3345 1099 Schweigen. Wo bleibt die südländische Leidenschaft?
643 1014 3823 1261 19. Oct. Mit Dampfer über Sorrent nach Capri (2 Std.) Die Vesuv-
420 1161 3982 1337 Tour war mir zu unverschämt teuer u. Tätigkeit war an ihm leider
398 1290 3996 1489 nicht zu erblicken. Der sonnige Golf ganz bezaubernd schön. In der
369 1485 4017 1687 blauen Grotte, wo die bei unruhigem Wasser vor sich gehende primi„
387 1601 3860 1784 tive Einfahrt gegen das Unwesen der Fremdenindustrie er„
405 1782 3935 1994 freulich abstach: In Scharen kamen die Passagiere hinein, so daß
366 1878 3969 2095 von feierlicher Stimmung nicht viel die Rede war. Aber das
442 2036 3819 2284 zauberhafte Blau, das aus der Tiefe zu dringen schein u.
502 2184 2875 2419 sich an jedes Ruder, jeden Kahn heftet,
2698 2176 3108 2274 an der
2829 2193 3938 2411 Decke wiederspie„
468 2347 3998 2554 gelt, konnte man zum Glück noch nicht verderben. Aufent„
500 2463 3819 2705 halt natürlich viel zu kurz. Mit Dampfer zur Landungsstelle
476 2626 3934 2800 von Capri zurück, an Land. Mittag auf d. Terrasse der „Blauen
528 2781 3925 2972 Grotte“. Der kleine Capri-Golf lag im Farbenglanz und Licht„
510 2913 3950 3078 reinheit vor mir wie ein norweg. Fjord dazu ein guter
501 3071 3897 3275 Trunk! Zu Fuß aufwärts in den Labyrinthwegen zwischen den
454 3234 3773 3445 Weinbergsmauern, später steiler ansteigend auf dem aus
456 3366 3874 3587 Phönizierzeit stammenden Fußsteig an der Felsenwand
483 3478 3915 3729 von Anacapri. Recht heiß beim Klettern köstliche Blicke.
502 3667 3919 3878 Straße abwärts zum Ort Capri, dann Rückfahrt nach Neapel,
519 3772 3846 3988 wo wir erst im Dunklen eintrafen. Rast die Zeit hier
514 3918 3730 4106 auch so? Herrlich wieder die Dämmerung auf dem
470 4081 4005 4311 Wasser, der violette Vesuv, Delphine am Schiff, Sommertags„
475 4211 2139 4476 und Reiselust. Viel Deutsche.
621 4427 4012 4627 30. Oct. Früh zur Bahn, Fahrt nach Rom. Der Aufenthalt ist leider viel
