4260 5213
3712 193 3941 402 23
305 231 3795 485 wieder Lektüre zu haben! Leider scheinen d. Beziehungen zwischen
329 457 3921 660 Deutschland u. Frankreich wieder einmal bedenklich. Das kann u.
309 608 3832 724 wird zwar vorübergehen, aber ebensogut könnten wir in 2-3
328 751 4032 965 Wochen in namenlosem Elend sitzen. Bruno ist zurzeit zu Übungen
303 881 3891 1072 eingezogen u. steht von uns zunächst auf d. ehrenvollen Posten.
586 1011 4049 1226 9. Sept. Wieder wohl u. zum Graben; leider geht d. Abheben
370 1144 3934 1322 langsamer von statten als ich gehofft hat, so daß ich kaum noch
366 1321 3807 1541 in die Matumbi-Berge kommen werde. Durch Pori zurück.
430 1453 3871 1624 Sah heut 2 Buschböcke, je ein ngorombwe u. Puduka, ohne in d. Busch
366 1563 4009 1837 irgendwie zu Schuß zu kommen. Regelmäßig sehe ich Perlhühner, wenn
386 1777 3933 1969 ich die Flinte nicht mitnehme, so daß ich sie mit einem Stein
404 1847 2351 2117 werfen könnte. Poscho.
446 2052 3886 2248 Sonntag d. 10. Sept. In den Wald v. Ndalakasha, wo mir
377 2231 3904 2452 d. Jagdaussichten immer noch die besten schienen. Sah auch sehr
387 2357 4006 2631 viel: 1 Riedbock, mehrere Schopfantilopen, 2 zusammen fliehende
384 2546 4041 2747 Herden von Hartebeest u. Barappi, Perlhühner u. verfolgte einen
427 2712 4037 2924 freilich nicht selbst gesehenen Buschbock (hier außerordentlich versteckt
368 2827 3937 3002 lebend im Gegensatz zum Tendaguru) Auf d. Riedbock hätte ich viel„
364 3023 3960 3236 leicht schießen können, aber er stand sehr weit u. ich mag nicht
365 3161 3778 3381 mehr blos waidwund schießen. Außerdem ist die Steppe so
370 3293 3920 3523 frei u. fast ganz gebrannt, daß man sich immer wieder
338 3482 3732 3709 sagt, man muß ja das Tier, auch wenn es zunächst abgeht,
324 3548 4048 3845 wiederfinden können. Aber sie verschwinden wie im Erdboden,
355 3793 4040 3985 u. Spuren giebt's nicht. Die beiden Herden sprangen verdeckt
347 3911 3929 4150 unter dem Winde auf, dennoch war ich nun meiner Beute
324 4121 3966 4336 schon sicher, denn es war noch früh. Ich ging nach der andern
325 4238 3949 4504 Seite herum, natürlich sprang zugleich der Wind u. sie gin„
402 4430 3901 4738 gen wieder ab. Nach vielem Suchen in der Unendlichkeit sah ich
