4260 5213
306 277 522 449 12
371 425 4042 717 d. nahen Nambunju, um den heutigen dringendsten Bedarf zu decken.
391 626 3922 826 Der sehr üble Jumbe schickte sie leer zurück, so daß ich mich entschloß
397 740 3616 1027 die Safari nach d. Matandu ohne weiteres Abwarten anzutreten.
631 899 3924 1148 16. Aug. Marsch nach dem 1 ¾ Std. entfernten Nambunyu, konnte
422 1082 3963 1263 leider nicht weiter gehen, um mir d. Jumben vorzunehmen u.
420 1216 3968 1430 den verweigerten Einkauf nunmehr durch meine Anwesenheit
416 1334 3856 1578 zu erzwingen. Prügele aber ungern Herren von d. Regierung
445 1454 3839 1670 u. holte lieber d. Zuckerbrot vor, indem ich an diejenigen, die
417 1616 3777 1800 Mtama brachten, Fleisch verteilte u dem Jumben nichts gab,
421 1735 3948 2001 vielleicht die härteste Strafe. Schoß heut nicht gut, 5 mal Warzen„
431 1890 3849 2123 schweine gefehlt. Ein Paar Hartebeester (beides Männchen) auf
461 2044 4022 2261 großer Entfernung u. nach langem vergeblichem Folgen beschossen,
443 2166 3855 2412 konnte aber nicht erkennen, ob mit Erfolg. Da sie ganz langsam
454 2357 3857 2544 weiterzogen, hielt ich sie für unbeschädigt, erlegte dann das
472 2473 3961 2679 eine u. traf auch das andre, das sich daneben niederlegte. Ich
468 2587 3854 2832 hielt es für erledigt u. wollte einen Fangschuß aus d. Nähe
475 2720 3936 2947 abgeben, da sprang es auf u. flüchtete mit ganz zerschossenem
473 2839 3822 3119 Hinterbein. Nun begann eine fürchterliche Verfolgung auf der
458 3017 3884 3243 Spur, die wir immer u. immer wieder in d. Senken ver„
475 3239 3905 3423 loren, da kein Blut zu sehen. Oft war es gefallen, zweimal
448 3360 3992 3557 sah ich es mit Riesengewalt aufspringen u. im tollsten Tempo
477 3447 3802 3715 abjagen, durch dickes, hartes Gras, wirre Bambusbestände u.
460 3616 3860 3865 zuletzt unendlich dichten Busch mit vielen Dornen, so daß wir
454 3757 4041 4010 nur mit vielen Umwegen u. sehr langsam hinterher kamen.
450 3878 3955 4099 Wie die Tiere ohne ernstliche Verletzung besonders der Augen, wie
447 4064 3819 4311 sie überhaupt hindurchkommen mit ihrer Größe u. d. Gehörn, ist
483 4205 3928 4412 mir ein Rätsel, obendrein aber ein schwer verwundetes. Mein
509 4384 3867 4595 letzter Tee war um 12 ausgetrunken, um 2 fürchtete ich die
