4260 5213
3638 221 3848 394 47
274 530 3928 784 pis pour moi! Ob ich den Monumentalkirchhof schon besucht hätte? Noch nicht.
267 704 4028 896 Ob es mir recht sei, wenn er mitkäme? Ich müsse erst zu Cook, Geldwechseln
289 861 4059 1007 u. s. w. u. wolle ihn nicht aufhalten. Er zeigte mir ein gutes nahe gelegenes
275 927 3928 1082 Wechselgeschäft, dann fuhren wir zusammen in d. Elektrischen zum Kirchhof.
288 1064 3908 1254 Er wollte einen Führer nehmen, ich ließ mich beschwatzen, Kostenpunkt
313 1229 3859 1379 laut Baedecker 1,50 Lre über meine Verhältnisse bei solchem Ergebnis.
329 1337 3903 1467 Nachher wollte er Kaffee trinken, ich lehnte ab, wollte das „Abend„
337 1424 3949 1639 mahl besichtigen. Er wolle auch dorthin, müsse aber austreten, ich möchte
340 1548 3849 1777 doch einen Augenblick in einem Kafe Platz nehmen. Dort mischte sich in
348 1719 3899 1895 unsere Unterhaltung ein andrer Landsmann ein, Kaufmann Jansen
364 1869 3901 2041 aus Köln (Konserven für holländer Firma), der erste war Ingenieur Meyer
355 1952 3878 2154 für Kalkutta. Wir verließen das Lokal zu dritt. Es war nun am
356 2086 4038 2279 frühen Nachmittag schon zu finster für Bilderbesichtigung, das trübselige
346 2182 3776 2402 Hotelsitzen u. Zeitungslesen zum Zeitvertreib ist mir auf der
362 2370 3676 2550 Reise doppelt unsympathisch, deshalb ging ich gern in einen
399 2403 3899 2665 kleinen echt-italienischen Weinkeller. Der Ingenieur erzählte von
394 2621 3903 2816 seinen Reisen, auch Mte Carlo, der Kaufmann wollte dorthin u.
383 2694 3939 2911 ließ sich die verschiedenen Spiele u. Klubs erklären. Ein Karten„
353 2834 3821 3086 spiel ließ er sich vormachen (rouge et noir). Wollen wir's mal
358 2965 3900 3191 probieren? Es war mir langweilig, aber ich fand wieder das
392 3112 3836 3286 Nein nicht. Preis die gemeinsame Weinkanne. Das war mir
384 3232 3889 3422 lieb, um mich von Fremden nicht einladen zu lassen. Es war
362 3380 3824 3588 schon gegeben, da warf der Kaufmann hin „ein kleiner Anreiz
397 3548 3804 3688 muß doch sein“. Und binnen nicht allzulanger Zeit hatte ich
396 3615 4068 3837 mittels Streichhölzer zu meinem Entsetzen 300 M. verloren, meine
418 3811 3983 3966 ganze Habe. Ich mußte den Kaufmann sogar für heut anpumpen
422 3907 3884 4070 u. wollte ihn morgen in Lugano - auch dort diese Gesellschaft? -
418 3983 3938 4155 wieder treffen. Keinen Augenblick kam mir ein Zweifel an der
412 4127 3782 4259 Gentleman-Natur der Beiden, wieder ein böses Zeichen für
443 4278 3915 4411 meinen Mangel an Lebensschliff, ich gab sogar meine Visitenkarte.
433 4373 3956 4560 Ich wüßte auch nicht, wie Betrug durch Kartenzeichnen möglich gewe„
435 4470 4000 4707 sen wäre, erst die spätere Erfahrung ließ die Ahnung dämmern,
