4260 5213
271 213 483 399 26
417 398 3960 708 ist das südlich von ihr für base. level plain gradezu typische Plateau
399 656 3968 831 vom Matandu her angeschnitten. Ich fand dort wieder den „bunten“,
302 747 3704 1009 in seltsamen Gestalten verwitternden Sandstein von Maliwe-
355 895 3992 1123 Namakanga u. die unglaublichen moränenartigen Blockhäufungen,
400 1125 3974 1305 u. was am interessantesten war, einen dieser großen Blöcke
406 1195 3953 1389 völlig in d. Sandstein eingeschlossen, so daß sich die „Moränen“
410 1359 3926 1639 deutlich als Restbestand der Ausräumung zu erkennen geben.
395 1487 3831 1772 Die Entstehung des Muttergesteins ist mir nun aber ganz
400 1633 3916 1924 unklar, den fluvial ist es wegen der horizontalen Ver„
423 1823 3886 2027 breitung nicht u. marin kann ich mir die ganz ortsfremden
436 1947 3260 2211 gewaltigen (u. gerundeten!) Blöcke nicht vorstellen.
772 2078 3843 2325 Auf dem Rückweg am Graben. Habe jetzt leider nichts
486 2224 3867 2482 zu tun, als Aufseher zu spielen, die Leute außer d. Prae„
470 2356 3870 2667 paratoren gleichfalls nicht, der Kostenpunkt u. d. Verpacken
478 2533 3854 2801 in Kilwa verlangt gleichfalls, daß ich bald abmarschiere, aber
509 2710 3898 2928 wer bringt die vielen Lasten fort. Ich kann keine Träger
486 2854 3915 3074 bekommen. Das Bez.-Amt hatte ich gebeten (mit Widerwillen
500 2988 3935 3193 die Polizei angerufen) meine Forderung um Träger beim Jumben
517 3177 3781 3325 in Namanoro zu unterstützen. Da schickt mir der Sekretär zwei
514 3217 4010 3507 Briefe an d. Akiden in Mavudyi und (!) Nakihu (4 Tage entfernt)
519 3414 3832 3668 „das Unternehmen zu unterstützen“, die Akiden haben's
505 3537 3747 3830 an die verschiedensten wer weiß wo wohnenden
545 3669 3784 3990 Jumben weitergeben u. dort ist's natürlich im Sande
509 3840 3790 4034 verlaufen, weil man von keinem Menschen ver„
512 3968 3883 4277 langen kann, daß er mehrere Tage weit marschiert u.
516 4152 3775 4397 dabei sein Geld ausgiebt, um hier für 70 heller eine
442 4330 3756 4631 Last zu schleppen. Es muß, weiß Gott, Deutsche geben, die
