4260 5213
3823 188 4003 374 19
2966 230 3700 415 Makangaga 5. Sept. 11.
1211 526 2889 773 Zu Kant: Kritik der Urteilskraft
1654 716 3983 937 (§ 68 Von d. Prinzip d. Teleologie als innerem Prinz. d. Naturw.)
368 964 3820 1216 „Es soll nur eine Art der Kausalität der Natur, nach einer Analogie mit
414 1226 3768 1391 der unsrigen, im technischen Gebrauche der Vernunft, bezeichnet werden,
395 1322 3933 1485 um die Regel, wonach gewissen Produkten der Natur nachgeforscht werden
388 1428 2645 1687 muß, vor Augen zu haben“ (heuristisches Prinzip)
523 1589 3937 1793 [Anm. „Ein Urteil, bei welchem man das Längenmaß seiner Kräfte (des
415 1760 4034 1916 Verstandes) zu überschlagen vergißt, kann bisweilen sehr demütig klingen
418 1980 3866 2117 und macht doch große Ansprüche u. ist doch sehr „vermessen“. Von der
422 2027 3916 2226 Art sind die meisten, wodurch man die göttliche Weisheit zu er„
420 2170 3942 2427 haben vorgiebt, indem man ihr in den Werken der Schöpfung und
403 2308 3699 2515 der Erhaltung Absichten unterlegt, die eigentlich der eigenen
375 2463 2812 2715 Weisheit des Vernünftlers Ehre machen sollen.]
214 2622 3852 2824 Beispiele: Planktonische Lebewesen „gestalten sich“ bisweilen so, daß sie durch
386 2790 3777 2946 Ausnutzung der Gesetze der Oberflächenspannung (trotz absolut größeren
406 2873 3990 3086 spezifischen Gewichts) in der Schwebe erhalten bleiben. Aerophile Pflanzen
413 2999 3957 3186 Bäume werfen das Laub ab, „um“ während der Trockenperiode (einschl.
374 3144 2326 3377 Winter) die Verdunstung zu hemmen.
611 3266 3853 3425 In der Naturbetrachtung erscheint das Endziel (Anpassung an das Milieu,
407 3377 3843 3530 Verbergen vor Feinden, Eroberung eines neuen Milieus, z. B. der Luft)
427 3541 3800 3711 ebenso wie in d. menschlichen Kultur der bewußte Zweck in
440 3658 3933 3871 gewissem Sinne als Ursache der Form (als Wirkung). Hier wie dort
443 3781 3923 3977 mißglückt unter Umständen das Streben nach dem Ziel: Absterben von
433 3957 3873 4111 Bäumen, auch jungen, in Südwestafrika, weil d. Grundwasser sinkt und
270 4083 3112 4286 eine die Umwandlung nicht schnell genug folgen kann.
657 4249 3859 4424 Jedoch ist der menschliche Zweck ein Primäres, im Geiste vollendet
413 4358 3818 4568 Vorhandenes, das betr. Kunstprodukt sekundär als Mittel zu seiner
429 4564 3963 4755 Erreichung entstehend, die Erreichung selbst schließlich etwas Tertiäres.
