4260 5213
331 230 530 438 48
324 512 3831 803 daß ich Tölpel ganz gemeinen Bauernfängern in die Netze
371 727 3896 928 gegangen sein muß! Der Verlust ließ mich ganz gleichgiltig, ein
355 898 3951 1066 Gewinn wäre mir mindestens ebenso unsympathisch gewesen.
557 971 3948 1176 27. Oct. Früh in großer Eile noch grade zum Zug zurecht gekom„
413 1097 3961 1322 men, wobei ich wieder unwürdige Aufgeregtheit auf dem Bahnhof
418 1242 4022 1478 verriet und an den Engländer in Eyth's „Blinder Passagier“ mich
412 1394 3951 1567 erinnern mußte. Die Rechnung hatte mich freilich nahezu das
407 1485 4007 1701 Letzte gekostet, kaum konnte ich telegraphisch von Haus Geld erbitten,
419 1673 3948 1851 und in Italien wäre es mir ohne Paß kaum ausgehändigt wor„
425 1772 3967 1961 den, ich mußte also über die Grenze. Schöner Abschied aus solchem
447 1892 885 2081 Lande!
628 1970 3952 2140 Überraschend schnell sah ich mich den Alpen und dem ersten Schnee
478 2100 3927 2353 gegenüber. Fahrt bis Lugano. Es war trübe und regnerisch, aber auch
457 2234 3989 2473 sonst hätte ich auf die Fahrt über Comer-, Lugano- u. Maggiore-See
456 2367 3994 2555 verzichten müssen, um die Einbuße von gestern durch Sparen wie„
459 2476 3989 2708 der wettzumachen. Wer eine Mutter u. Schwester in wenig glänzen„
456 2610 3870 2803 den Verhältnissen hat, besitzt auch mit 11000 M. Spargeldern keine
500 2764 4012 2921 300 zum Verlieren. Was hätte ich dafür in Italien haben können,
484 2902 3647 3094 der ich wegen der 21 Frs. auf den Vesuv verzichtet hatte!
783 3015 3942 3211 Im „Weißen Kreuz“ abgestiegen. Bummel durch den hübschen
509 3124 3931 3280 Ort, aber Regen u. Schmutz, sowie frühe Dunkelheit zwangen in's
509 3241 4025 3490 Hotel zurück. Der „Herr“ kam natürlich nicht. Öder Aufenthalt
484 3372 3045 3602 in solcher Umgebung. O meine Tropensonne!
665 3490 4043 3731 28. Oct. Herrlich klarer schöner Tag, auf den Spitzen Neuschnee.
453 3654 4018 3826 Da kein Geld, war das Programm bald entworfen: Telegramm an
2190 3763 2687 3895 San Salvatore?
412 3781 3892 3981 Mama, zu Fuß auf den Mte Bre. Ich bereute es nicht! Welche
494 3953 4007 4126 unendliche Schönheit. Zu einem Gläschen Wein reichte es noch grade,
483 4032 3950 4262 konnte im Freien sitzen mit diesem Blick. Ach wären Mama,
521 4188 1575 4445 u. Erna mit hier!
684 4296 3844 4505 Nachm. Geld erhalten. Zu Fuß westl. über einen kleinen See
453 4430 3853 4656 bis zur andern Spitze des M Luganer Sees. Kostbare Bilder.
