4260 5213
291 219 419 457 4
457 500 3971 752 31. Juli: Erna an ihrem Geburtstag geschrieben. Hoffentlich feiert
550 699 3148 959 sie ihn mit Mama u. Bruno auf Bornholm
645 845 2187 1085 Vorbereitungen zur Safari
577 933 3741 1210 Grabe jetzt ohne Hoffnung an d. Wege nach Muazi. Heut soll
557 1141 3871 1375 ein Bein gefunden sein. Die Praeparatoren sind so reichlich und
535 1299 3995 1508 haben nichts zu tun. Ich schicke sie zum Fossilsuchen, aber es giebt
547 1442 3976 1685 wenig u. man kommt nirgends hin, ich schicke sie zum
520 1587 2494 1822 Brennen, aber es brennt nicht.
733 1733 3977 1941 1 August: Safari nach Kiturika-Bergen mit fast allen
500 1884 3966 2113 Praeparatoren zum Fossilsuchen u. vor allem auf Erkundigung hin„
468 2013 3963 2232 sichtlich Verpflegung. Über Manyungu (unbewohnt) wo Elephanten die
508 2165 3932 2383 Hälfte der wenigen Kokospalmen umgerissen haben, dann vom
474 2383 3961 2558 Wege rechts ab auf Mbatata-Berg. Wie viel schöner müßte es noch
484 2425 4025 2714 sein, wenn gebrannt wäre. Auch Wild scheint reichlich zu sein. Letzter
477 2649 4066 2819 Anstieg sehr steil, aber oben schöner Rundblick auf See, Matumbi-Gebirge
476 2751 4029 2923 u. das weite Flachland bis zum fernen scharf heraustretenden Nandanga.
469 2912 3933 3102 Merkte dann, das die erreichte Höhe noch von einer kleinen Stufe über„
499 3069 3954 3257 ragt wird. Von dort Rundpeilungen u. skizziert. Eigenartig festes Gestein
479 3136 3939 3376 mit einzelnen roten Blöcken, leider ganz fossilfrei. Hier auf dieser vom
491 3274 3933 3500 eigentlichen Plateau abgeschnittenen freien Höhe trotz des Steilabsturzes nach
481 3413 3910 3578 3 Seiten zahlreiche Spuren großer Antilopen u. Elephanten; als hätten
488 3530 3857 3801 sie einen Sinn für d. schöne Bild, das sie bei Mondschein etwa
502 3692 3896 3918 am Rande des Hanges bieten müssen. Gras finden sie wahrlich auch
498 3834 3981 4015 anderswo. Abstieg nach O., wo am Fuße gut gebrannt war, ein Labsal!
472 4000 3884 4174 Perlhühner geschossen. Am Wege seitlich mitten im ebenen sandigen
465 4119 3833 4273 Waldboden plötzlich wirre Felspartieen, die mir ohne das Feuer
489 4267 3857 4451 ohne Zweifel entgangen wären. Wieder der Korallenkalk. Sollte
487 4397 3832 4631 etwa ein tertiäres Riff rings um d. Fuß des Kiturika ziehen?
1964 4541 3889 4863 Abgesunkenes Urgon (5.XI.35)
