4260 5213
3738 207 3861 350 1
1525 243 1859 465 1911.
2401 269 3296 573 Makangaga
316 576 3692 804 22. Juli: Vormittags mit einem hiesigen sehr verständigen Führer
294 727 3889 976 zu einer von ihm in d. Regenzeit am Wege nach Naiwanga ent„
299 856 3916 1051 deckten Knochenfundstelle. Sehr schlechte Wege, alles Gras grün u. unbrenn„
287 993 3965 1198 bar, die Knochenstücke ganz unbrauchbar, wenn auch reichlich, offen„
309 1132 3978 1351 bar bereits alles herausgewittert u. in d. Tiefe nichts mehr
285 1332 3901 1540 zu erwarten. Nördl. von Makangaga noch einige Schamben, sonst
322 1444 3999 1615 völlige Wildnis bis zur Songea-Str. im Norden, nach W. unabsehbar.
309 1569 3960 1779 Aber einstweilen unzugänglich, da fast kein Weg. Zurück durch
311 1733 4008 1991 Gras, aber Suchen ist ausgeschlossen, wenn man nicht einmal
337 1857 3899 2082 den Boden unter den Füßen sieht. Zum Glück fanden wir
326 2043 3906 2215 eine breit ausgetretene Elephantenstraße, die uns zurück zum
299 2177 3761 2374 Lager führte, da es am Wasser liegt. Die Felder sind von
283 2338 2276 2582 Elephanten völlig verwüstet.
509 2370 3933 2716 Nachm. Briefe nach Haus und an Branca. Wasserstelle besichtigt:
293 2570 4030 2798 ein Schilfsumpf mit nassem, stellenweise wasserbedecktem Boden,
317 2761 3446 3035 soweit am Rande sichtbar. Schöne Baumumrahmung.
475 2911 3894 3127 Sonntag d. 23. Juli: Auf Jagd. Man führte mich in die Hügel von
329 3071 3744 3287 Misengule, wo das Gras wenigstens auf den Höhen den Blick frei
349 3181 3700 3400 läßt. Endlich unter uns im Tal eine Herde Hartebeester. Sie
338 3353 3654 3592 hatten etwas gehört u. waren unruhig. Ich mußte daher auf
312 3511 3809 3688 beträchtliche Entfernung schießen. Es hatte nur den Erfolg, daß
313 3663 3746 3882 sie nach der andern Seite äugten, wo die beiden ersten Kugeln
326 3864 3883 4033 eingeschlagen waren. Ich schoß noch recht häufig u. wunderte mich,
341 3931 3821 4162 daß so garnichts treffen wollte. Auch war im Gras nicht zu sehen,
366 4101 3803 4276 ob eins etwa gefallen war u. welches mir zuvor als Ziel
355 4231 3669 4488 gedient hatte. Als sie endlich abgingen, bemerkte ich, daß
379 4364 3886 4598 2 von den 6 Stück Schüsse abbekommen hatten. Eins fanden wir
375 4517 3811 4744 nicht weit, das andre erlegte ich eine ganze Strecke weiter und
