4260 5213
3657 184 3882 415 25
347 446 3716 657 die Spuren u. strengte mich unnötig an. Verfolgte Perlhühner
347 648 3669 835 schweißtriefend u. sah sie ständig dicht vor mir, ohne in d.
353 729 2311 1014 dichten Busch schießen zu können.
593 902 4020 1185 Nahe Muazi fand ich in d. hellen gelbweißlichen mergligen
402 1110 881 1313 Sanden
690 1088 1472 1212 üb. d. Saurierschicht
834 1066 4030 1340 an einer Stelle den bunten mürben Sandstein, der mir
383 1237 4022 1540 in etwas stärker Entwicklung am Maliwe-See auffiel u. den
372 1399 1614 1663 ich für Jura hielt.
580 1507 3881 1799 12. Sept. Um ca 4½h aufgestanden, noch bei Mondschein fort, in das
389 1717 3856 1961 Gebiet von Naiwanga, wo Feuer weit hineingedrungen. Das frühe
378 1883 3872 2119 Aufstehen machte aber auch keinen Unterschied, ich streifte lange in
362 2045 3983 2274 den schönsten Grasplätzen für Wild herum, ohne etwas zu sehen. End„
402 2180 3999 2365 lich an sehr freier Stelle weit unter uns ein Hartebeest, es hatte auch
374 2312 3881 2555 schon etwas gehört u. äugte scharf, da Deckung nicht vorhanden, schoß ich,
389 2484 4046 2620 es sprang etwas beiseite, stieß fortwährend den meckernden Warnruf aus
370 2571 3979 2825 u. stellte sich nun ganz mit dem Kopf zu mir hin, die schmale Brust
390 2680 3956 2910 u. d. Kopf, den ich ohnehin nicht zerschießen wollte, bot fast k gar„
398 2865 3803 3109 kein Schußfeld, zudem mußte ich das 200 m.-Visier einstellen. Noch
379 3056 4013 3265 wenige Schritte schlich ich näher, es mußte jeden Augenblick abgehen,
396 3259 3881 3412 also ohne viel Hoffnung paff: es klappte um u. war tot zu
401 3346 3936 3535 meinem größten Erstaunen. Es war eine tüchtige Strecke, bis wir
409 3467 3939 3680 heranwaren. Der Schuß saß tadellos mitten in d. Brust etwas hoch
445 3667 4002 3855 schon im Halse. Das war aber auch die einzige Freude dabei, denn
418 3776 3880 4030 wenn's auch genug giebt, das Hartebeest-Schießen hab ich schon
407 3926 3856 4176 satt u. den ganzen Vormittag sah ich kein Schwänzlein mehr,
445 4067 4033 4259 obwohl wir weit in unberührtes günstiges Gebiet bis zur Wasser„
417 4252 3884 4467 stelle Naiwanga u. darüber hinaus gingen u. auch einige frische
411 4384 4018 4572 Spuren fanden. Die Leute, die die Beute holten, fanden dort natür„
387 4553 3967 4766 lich 3 weitere Hartebeester. Nördl. an d. Barrabarra bei Naiwanga
