4260 5213
350 197 547 383 56
260 532 3771 773 burger Schillertheater „Madame sans gêne“, ein sehr unmögliches,
319 761 3838 924 nicht bedeutendes Stück, aber glänzende Aufführung. War leider
363 822 3813 1025 nicht allein, da ich A. N. M. V.er Kaufmann mit Schwester u.
339 922 3864 1174 Kousine traf u. in d. Pausen „Gesellschaft“ mimen mußte.
392 1081 2162 1324 Schadet mir eigentlich garnichts!
603 1177 3703 1446 18. Dez: Beginn des Dienstes im Institut. Habe im Urlaub
436 1346 3647 1572 nur das populäre Büchlein gefördert, leider noch nicht ganz
450 1468 3840 1721 fertig. Jetzt geht's tüchtig an's Auspacken, das ich auch bisher schon
417 1612 2150 1826 freiwillig tüchtig gefördert habe.
707 1704 3727 1930 Abends nochmals zum Institut in's Kolloquium. Vor d.
452 1860 3868 2029 Museum starker Straßenverkehr, war über den halben Damme
442 1959 3736 2208 gelangt, fand aber keine Lücke zwischen Auto's, konnte auch
459 2093 3735 2304 nicht mehr zurück, da hinter mir die Wogen sich geschlossen
471 2219 3873 2459 hatten, trat daher zwischen die Straßenbahnschienen. Die beiden
464 2396 3870 2510 einanderkommenden Wagen fuhren aber beide unerwartet
440 2477 3946 2629 eine Kurve, so daß ich zwischen die Wände gedrückt u. umgerissen
455 2637 3935 2814 wurde. Zum Glück hatte es ein Fahrer bemerkt u. bremste sonst
491 2734 3836 2907 konnte ich Hand u. Fuß einbüßen, die Schutzvorrichtung schob
500 2808 3745 3021 mich seitwärts hinaus. Bin dem Geschick dankbar so davon
527 2945 3947 3210 gekommen zu sein, ich könnte es in seinen Folgen kaum
546 3084 3897 3294 ausmalen. Freilich neuer Mantel u. neuer Anzug in dem
526 3269 3750 3396 ewigen Schmutz unsres feuchten Klimas gleich erheblich
549 3397 3886 3522 mitgenommen, kleine Wunde am Fuß. Mußte unver„
531 3464 3921 3687 richteter Sache wieder nach Haus fahren. Recht ärgerlich.
759 3655 3917 3850 Abend Janensch, der heut eingetroffen, bei mir, wir
542 3745 3904 3922 allein zu Haus. Alle Institutskollegen habe ich in diesem
577 3891 3723 4090 Jahre nun schon länger gesehen als ihn! Ist's möglich.
569 4053 3906 4282 19. Dez. Abds. mit Janensch bei Herrn Schulze aus Lindi
753 4237 2864 4420 eingeladen. Janensch im Institut.
584 4378 3913 4578 21 Dez: Blieb mittags in Insti d. Stadt, nachm. im Institut. Von
