4260 5213
302 193 531 429 50
282 558 3976 799 gewechselt, gegen 5 weiter nach Stuttgart: Jetzt war es natürlich
315 717 3897 971 klar geworden, vom Zuge aus sah ich über der Stadt noch einmal
285 824 3952 1130 schwach die Alpen leuchten. Vorbei! In Singen wurde es schon
370 1013 3802 1187 wieder dunkel, so daß ich leider von Württemberg nichts sah.
345 1149 3795 1352 An keiner von allen Grenzen brauchte ich d. Gepäck zu öffnen.
380 1304 2727 1555 Nach 9½ Uhr in Stuttgart, Logis im „Bärlamm“.
2214 1404 2322 1456 Dier
612 1419 3977 1693 31 Oct. Morgens in's Naturalienkabinett zu Prof. Fraas, der mich
403 1581 3846 1776 liebenswürdig empfing u. herumführte, aber offenbar viel zu
417 1709 3987 1891 tun hatte. Die Sammlungsäle wurden umgebaut, also leider kein
392 1842 3766 2034 lohnender Aufenthalt. Daher noch schnell ein Blick in die
437 1982 3934 2157 Stadt, dann weiter nach Würzburg, um die Fahrt bei Tage zu
458 2109 3956 2337 haben. Dort Mittagessen, Stadt besichtigt. Leider schon wieder
411 2211 3871 2403 viel Regen, sodaß ich wieder in ein Lokal flüchten mußte.
471 2408 4046 2571 Vor 1 Uhr nachts ging mein Zug nicht, ein Nachtquartier mehr
454 2501 3891 2653 wollte ich vermeiden, also mußte von 4-1 die Zeit ver„
415 2586 4027 2819 bracht werden. Ging abends in ein Streichquartett-Konzert
451 2731 3998 2944 und gelangte so zu einem seltenen Genuß. Die Akustik des
437 2889 3929 3117 Saals so rein, daß die Instrumente wie Orgeln klangen u.
404 2978 3892 3234 nichts von dem sonstigen Kratzen, das mich so leicht stört.
514 3116 3871 3426 Nachher im Kafe. Abfahrt 1 Uhr morgens in sehr über„
471 3289 3961 3544 fülltem Zuge, daher wenig geschlafen, unangenehmer Auf„
438 3484 947 3716 enthalt.
698 3595 4075 3848 1. Nov. 11: Um 9 Uhr Ankunft in Berlin am Anhalter
461 3750 4014 4025 Bahnhof. Mama, Erna, Richard, Herr Lorenz und Stremme
493 3964 3859 4137 begrüßten mich. Wie bin ich dankbar, unendlich dankbar
513 4087 4001 4325 für dieses Wiedersehen! Es hätte vieles so ganz anders sein
505 4278 1040 4440 können.
575 4397 3994 4575 Die schöne u. wichtige Epoche ist nun — eine Epoche gewesen!
