4260 5213
238 253 443 471 36
355 553 3945 822 werden auf d. Insel in d. Bucht. Kann keine Gerölllage
431 724 3654 904 an d. Basis der fossilführenden Bänke entdecken.
580 875 3843 1088 Bei Tage auf See etwas Regen. Es soll hier seit
452 1002 3759 1191 d. Regenzeit noch nicht recht aufgehört haben.
671 1164 3877 1348 2. October: Nach Mombassa. An Land. Besichtigung des
450 1315 3798 1534 Orts, weitere Einkäufe. Herr Furtwängler, der noch in
407 1437 3870 1676 Mikesse war u. seit Daressalaam in d. 3ten Klasse
459 1628 3519 1793 mitgefahren war, kommt in die 1te herüber.
643 1802 3759 1976 3. Oct. Morgens Abfahrt, ein englischer Union Castle-
413 1900 1927 2150 Dampfer kam herein.
724 2056 3734 2284 4 Oct. Erwachen im indischen Ozean! Dr. Vageler ist in
454 2223 3899 2422 Mombassa an Bord gestiegen, junger Privatdozent, kaum viel
484 2361 3880 2549 älter als ich, hat aber bereits zum 2ten Mal wichtige Gutachten
462 2544 3955 2696 über Böden für Gouvernement u. Kolonialamt gemacht, bringt
490 2663 3708 2855 ganze Hefte vollgeschrieben mit u. wurde mir auch von
493 2777 3881 2965 Stremme als bester Bodenkenner bezeichnet. Er hat also
497 2895 3862 3152 sein Arbeitsfeld b gefunden u. behauptet es mit Sicher„
465 3090 3786 3326 heit u. Erfolg. Und ich? Die neue Kustodenstelle ist ab„
469 3187 3833 3448 gelehnt u. ich stehe vor dem absoluten Nichts mit fast 30
467 3377 3810 3613 Jahren. Spezialfach? nicht vorhanden. Kenntnisse, wie mir
479 3543 3973 3709 deutlich bewußt, überall zum Weiterbauen vorhanden, aber
493 3659 3751 3838 nirgend tiefer eingedrungen als für Studenten paßt.
515 3828 3991 4050 Nun ich habe einen Reichtum an d. Erinnerung dieser 2½ Jahre.
485 3960 3991 4152 Freilich manches habe ich doch auch nicht gesehen an einzelnen
458 4125 3690 4310 Tieren (z. B. Löwe u. s. w.) oder gewaltigen Wildherden,
496 4247 3949 4476 wovon fast alle Mitreisenden erzählen. Ich werde schon
525 4379 3801 4593 wieder neidisch u. d. Sehnsucht nach Ostafrika beginnt
