4260 5213
3698 199 3909 358 31
299 489 3985 772 Leuten mit höchst erwünschtem Soda eingetroffen. Die Leute
281 653 3898 919 waren mit Lasten von Migerigeri 4 Std. bis Makangaga
252 818 3771 1097 u. ebenso v. dort die 6 Std. hinter uns her gegangen.
263 1034 3889 1252 Der Jumbe scheint willig u. wird Leute in's Lager schicken,
286 1171 2323 1382 meine Knochenlasten zu holen.
407 1339 3786 1513 19. Sept. Morgens noch im Dunkeln fort, um den Leuten
289 1455 4012 1615 etwas zu schießen. Kudu's hatte ich aufgegeben, da Spuren
284 1581 4016 1754 nicht zu sehen, u. nach Angabe des Führers fast nur noch
209 1718 3830 1912 Weibchen vorhanden. Höchste Zeit, daß es geschont wird.
254 1902 3912 2040 Schickte die Träger eine Strecke am Wege voraus, ließ sie
292 2040 3731 2254 auf einer Höhe warten u. machte einen großen
252 2125 4022 2344 Bogen nach Westen. Auffallenderweise wieder nichts, erst
267 2305 3790 2547 nach Sonnenaufgang flüchtig einige ngorombwe's. Dann
287 2446 3769 2681 Perlhühner. Endlich wurde mir unten vor uns in
292 2568 4016 2794 bewachsenem Tal ein Buschbock gezeigt. Es dauerte lange,
272 2816 3856 2992 bis ich ihn deutlich genug sah, um schießen zu können.
271 2868 4027 3113 Er verschwand, stand aber schon wieder da u. äugte. Beim
291 3052 3903 3272 2ten Schuß stürzte er vorwärts u. fiel. Als wir ihn
277 3202 3717 3424 gefunden hatten, erklärten meine Begleiter, es
285 3365 3851 3581 seien 2 gewesen u. ich hätte auch d. ersten getroffen.
296 3525 3936 3696 Schwer angeschossen scheuchten wir ihn im Grase auf u. erst
316 3657 4002 3844 nach schwieriger Verfolgung lag er mit einem Schuß quer
305 3773 3763 4026 durch die Brust; auch d. Schwarzen staunten, daß ein
331 3900 3983 4169 Tier damit noch fliehen kann. Es waren 2 junge Männ„
317 4056 3916 4285 chen. Ich beorderte 4 Träger, deren Lasten einstweilen
336 4231 3888 4425 beim Jumben zurück blieben. Nun auf miserablem
254 4382 4029 4589 Wege immer nach N, statt auf diesem ebenen Gelände
