4260 5213
3707 238 3906 364 37
300 536 3598 811 bereits am Tage nach d. Abreise sich zu melden.
417 737 2607 987 5 Oct. Kurz vor 12 Äquator passiert.
401 897 3937 1148 6 Oct. Gelesen: Lily Braun „Memoiren einer Sozialistin“.
321 1036 3825 1267 Hatte mir mehr darunter vorgestellt. Aber wieder ein„
352 1173 3968 1429 mal ein Blick in die edle Seite dieses Ringens, wofür
337 1319 2886 1571 mir Mama Verständnis erweckt hat.
433 1471 3874 1636 Wie man hier im Ozean lebt, den vor 30 Jahren
336 1601 3455 1838 kaum ein Schiff befuhr: abends Schach im Kaffee!
410 1766 3991 1959 7 Oct. Morgens Kap Guardafui. Noch eine Küste, an der richtige
344 1881 3786 2069 Wilde leben. Delphine, Haie. O könnte man all das
390 2016 3840 2227 Tierleben beobachten, über das wir hinschweben.
394 2193 3746 2401 Gestern abend 11 Uhr, als ich schon schlief, passierten wir den
389 2357 3809 2526 „General“ auf d. Ausreise. An Bord Sattler, Dr. Wolff m. Frau
393 2493 3950 2637 u. Horwitz als Schiffsarzt. Hatte m. Sattler drahtlose Telegramme
425 2655 3934 2830 gewechselt, Verbindung seit vorgestern abend, als General im
400 2793 3989 2955 Suez lag. Dann zeitweilig unterbrochen, während er unter
412 2920 3880 3095 der Nordküste des Kaps hinfuhr. Ließ mir Anlage zeigen.
419 3036 2173 3267 Morgens ein wenig Regen.
424 3175 4023 3417 Sonntag d. 8 Oct. Morgens Aden in Sicht, sowie 2 Dampfer,
334 3389 3646 3547 darunter ein Bremer Lloyd, der sich schon gestern drahtlos
364 3486 3963 3738 gemeldet hatte, der andre d. kl. Kreuzer „Geyer“, der nach Mada-
405 3691 3913 3884 gaskar fahren sollte u. nun plötzlich hier auftaucht, nach offen„
361 3784 3806 4048 bar starker Fahrt, da er bei unsrer Abreise im Daressal.
317 3952 3951 4155 Hafen lag. Allerlei Gerüchte. So liefen 3 deutsche Dampfer im
286 4142 3843 4330 Hafen ein. Aufenthalt nur von 11-3, daher unter Verzicht des
318 4288 3907 4440 Mittagsessens mit einem Hrn. von Bord an Land u. zu d.
335 4403 3839 4624 alten Wasserstauwerken bei d. Stadt nördl. v. Hafenort
