4260 5213
296 200 592 433 54
428 536 3990 745 Familie zu gründen hätte u. eine allsommerliche Abwesenheit
418 723 3924 919 im Felde mir eine sehr böse Beigabe scheint. Habilitation bringt
424 781 3955 959 mich zunächst keinen Schritt weiter, würde sich aber jetzt ganz
461 941 3908 1154 gut machen. Branca rechnet fast fester damit als ich, will
429 1047 4024 1253 wissen, was ich lesen würde u. dgl. Ich selbst habe noch garnicht
390 1213 3985 1409 so recht das ganze Selbstvertrauen dazu, mein üblicher Fehler.
417 1369 3988 1542 Ich weiß aber, daß ich d. Eisen Branca schmieden muß, solange
424 1458 4052 1649 des heiß ist, also sage ich nicht nein. Fast 30 Jahre und 1500 M. Gehalt,
446 1597 2526 1793 Und keine Aussicht für absehbare Zeit!
666 1717 3841 1952 Ich hätte jetzt fast Neigung freies Junggesellentum zu
442 1819 3345 2082 führen, aber die Neigung darf nicht aufkommen!
582 2018 3896 2224 Abend: Lyceum-Klub, wo Erna in einem Tee ihrer Gesang„
447 2145 3968 2377 lehrerin Hoppe singt. Ihre Stimme u. Fähigkeiten haben wirklich
453 2321 3884 2488 achtunggebietende Ausbildung erfahren. Ich freue mich sehr
464 2449 3704 2656 darüber, denn es muß ihr Selbstbewußtsein in ihre
447 2585 2064 2826 Einsamkeit geben können.
630 2781 3682 2974 11.) Abend: Mit Billet v. Hrn. Lorenz im Opernhaus,
495 2861 3908 3133 Symphonie-Abend: Mozart u. zum ersten Male — Mahler.
524 3086 3980 3278 Ich hatte vor letzterem eine gewisse Scheu, als ich erfuhr, daß er
523 3180 3813 3362 als neues Ausdrucksmittel Ruten braucht, die an's Holz der
467 3289 4022 3536 Pauke geschlagen werden(!), u. daß als ich sah wie das Orchester
529 3445 3893 3611 einem Turnsaal glich: hohe lange Glocken wie Kletterstangen
521 3590 4010 3765 u. eine unendliche Schar vom Instrumenten, Knaben, Frauen„
438 3709 3993 3881 stimmen. Dazu mitten drin Text von Nietzsche, das Ganze
508 3872 3831 4065 hypermodern - übermenschlich. Ich wurde angenehm ent„
434 4012 3799 4260 täuscht; er hat wirklich unendlich viel zu sagen u. leider
455 4180 3787 4432 konnte ich beim ersten Anhören nicht entfernt überall
445 4346 3908 4569 eindringen. Was hier an neuen Sprachen u. Möglichkeiten
