4292 5213
251 224 308 190 154

520 303 3260 315 nach N ein wichtiger Anhaltspunkt sind. Dann links ohne

443 476 3456 264 Weg in ein Gnu-reiches Tal hinab, aber nichts als Spuren, auch

470 714 3426 178 von Büffel, gesehen. Am Mavudyi durch den blödsinnigsten Weg, der

499 749 3426 308 mir je vorgekommen ist, ein kleines Stückchen mit beträchtlicher

494 948 3384 189 Anstrengung abwärts (stark maeandernd, aber senkrecht zu den

406 1038 3388 289 Windungen des Flusses u. seines unten schmalen Tales!)

553 1182 3296 300 Lager auf linker Berglehne in halber Höhe. Guter Überblick

529 1320 3210 242 über d. Mavudyi-Tal, das hier in d. Plateau wohl antyzedent

551 1514 3320 293 eingesenkt ist u. d. offenbar enge Kihendye-Tal erzwungen hat

531 1634 3198 306 als tributären Zufluß. Leider verhüllt der lückenlose dichte

519 1816 3272 314 Busch alle Einzelheiten, in Europa gäbe das ein andres Land„

534 1964 3359 324 schaftsbild! Interessanterweise in diesem verlorenen Schlupf„

527 2117 3260 294 winkel zahlreiche Büffel, an die aber in d. Busch nicht heranzu„

534 2270 3345 313 kommen. Ging nachm. auf d. Manganya-Plateau auf vergebliche

510 2428 3341 306 Pürsche (dort lichter Wald: Liwiti), so wie an eine Stelle, wo sein

509 2604 3323 304 Rand in roten Steilabbrüchen angenagt ist u. mein Aufseher

514 2740 3272 262 mir ein im Januar gefundenes Stück Kieselholz in Newala-

516 2900 3178 329 Sandstein zeigte, augenscheinlich ein verzweigter Stamm, der

470 3135 3215 261 schwerlich im Zusammenhang nach der Fossilisierung in

452 3267 2574 307 diese hohe Lage gebracht worden sein kann.

747 3458 2920 315 21.VII. Durch die schöne Liwiti-Yangwa nach N. ganz

515 3608 3250 357 allmählich abwärts ohne jeden Aufschluß, über weiße Sande.

485 3831 3409 295 Erst am Fuß des Plateaus ein seitlicher Erosionsrand, der dem

482 3982 3305 301 Lipogiro genau entspricht u. d. liegende Saurierschicht noch

496 4181 3180 273 mit betroffen hat. In Manyunyu am oberen Linganla

481 4370 3246 268 Schamben, wo ich zu bleiben gedachte, da bis Mbate noch weit.

460 4525 3504 297 Erfuhr aber, daß Janensch's Leute u. meine vorangegangenen
