4292 5213
3773 283 175 61 59

459 308 3310 120 unerwarteten, leider halb verbrannten Mango-Bäumen

434 435 3448 154 vorbei auf den Weg, der rechts von Matapua kam, und

472 570 3361 157 diesem folgend in einige Schamben von Ntandi. Anstehendes

486 722 3427 162 hier nirgends zu beobachten; ich erwartete, immer das ei„

438 864 3505 160 gentliche Dorf und dabei die Bornhardt'schen Fundpunkte,

488 1011 3331 173 bis ich merkte, daß Ntandi endgiltig passiert sei. Hier

526 1179 3241 171 wie oben auf dem Plateau ziemlich reichliche Löwen„

455 1321 3564 196 spuren. Vorausgehend (in Ntandi d. Barrabarra wieder erreicht,

528 1475 3421 209 wo meine Träger gewartet hatten) sah ich plötzlich in ziem„

513 1627 3331 229 licher Nähe eine schöngehörnte Antilope stehen, ohne die Art

492 1779 3372 237 erkennen zu können. Mein Begleiter schlich sich zurück,

491 1944 3359 231 um Schweigen zu gebieten u. d. Gewehr zu holen, mit

514 2121 3249 212 dem Ali wieder einmal zurück geblieben war.

507 2286 3434 209 Bis er kam, war das Tier, wohl ein Buschbock langsam

532 2481 3099 167 im Busch verschwunden u. nicht mehr zu finden.

517 2646 3258 141 Im Mahimira entdeckte ich einen 2ten „Tendaguru“,

536 2774 3348 195 Zeugenberg von den Plateaus ganz losgelöst, aber wohl

517 2933 3204 212 etwas höher. Peilte ringsum das Panorama an.

487 3098 3292 205 Dann hinab zu einzelnen Schamben. Schlug hier noch

505 3265 3383 175 einmal das ein Lager auf, weil es reichlich warm

515 3430 3254 174 wurde, auch wollte ich mich geologisch orientieren u.

483 3587 3336 176 Wild für die Leute suchen. Ein sofortiger Pürschgang

505 3721 3078 196 nach N. in schönes freies Revier war erfolglos.

593 3883 3280 188 Zwischen 11 ½ u. 3 ziemlich regungslos gelegen wegen

536 4066 3505 127 großer Hitze; dann inzwischen aufgefundenen Fossilpunkt

503 4212 3190 195 u. Knochenfund besichtigt u. nochmals in dem stark

469 4373 3538 183 kupierten Forst nach Kumihu hin auf Wild gefahndet, aber

477 4553 3418 182 nur viel Spuren gesehen (Barappi u. Elenant.) Doch bekam

459 4718 2516 159 ich Klarheit über die geolog. Schichtenfolge
