4292 5213
299 274 259 111 100

490 327 3262 186 Krieks als Rückstand einstiger Meeresüberflutung?

527 489 3318 184 Am Eintritt zur Pforte fand ich zu meiner Überraschung

547 670 3184 166 statt des bisher beobachteten Kreide-Gesteins tertiären

523 835 3300 161 Korallenkalk, anscheinend obendrein Eocän. Über niedrige

567 997 3242 165 Schwelle aus Sand u. dem ca 12 m. tief eingeschnittenen,

579 1179 3206 134 überraschenderweise trockenen Mambi-Abfluß auf rote

577 1349 3228 125 Anhöhe, die dem linken Talrand anlehnte. Beim Jumben

608 1524 3082 138 etwas gerastet. Beim Weitermarsch noch mehrfach über

538 1677 3236 141 die roten Hügel, deren Kern weiße Nummulitengesteine

556 1835 3193 153 bildeten u. denen sich die Schwellensande scharf abge„

548 1978 3334 161 setzt als Terasse anlegten. Keine einmalige Querriegel,

562 2133 3282 151 sondern breites tertiäres Kalkgebirge, vom Entwässerungs„

599 2293 3218 139 tal des Mambi in langem schluchtartigen, stark bebauten

604 2465 2941 146 Tal durchschnitten. Am Ende einer beträchtlichen

553 2624 3151 145 Erweiterung abermals eng zusammentretende Ufer,

596 2810 3111 126 wie geschaffen für Talsperre u. das absolut flache zum

577 2965 3213 121 Ssudi-Kriek abfallende Gelände davor für Baumwollen-

607 3111 3184 129 Felder und elektrisches Bähnchen. Jetzt unaufhörliche, un„

539 3269 3154 161 übersehbare Eingeborenen-Schamben tadellos sauber

558 3465 572 127 gehalten,

977 3423 182 68 u.

1130 3431 2668 146 gut stehend mit mannigfachsten Feldfrüchten. Noch

573 3591 3129 161 vor angeblich 8 Jahren wäre hier meist Makonde-Busch

576 3747 3221 150 gewesen. Die Arbeit der Wamaraba wäre dann um so

564 3915 773 133 erstaunlicher.

734 4017 3135 176 Hier ausgezeichnete Straße, bei unmerklichem Gefälle

567 4184 3126 180 im schnellem Tempo bis Lubobe, an ca 11h vorm., Träger um 1.

556 4404 3321 136 Großes Dorf, ringsum nichts als Felder, aber nicht alle meine

579 4603 1693 118 Leute konnten Essen erhalten!
