4292 5213
305 326 105 68 76

507 343 3311 146 12. Dez: Die beiden Offiziere v. Cornatzky u Winterer zu Mittag

542 487 3131 161 u. Abend bei uns. Erwartete sie um 11 im Graben X am

487 638 3255 175 Wege, wo seit einiger Zeit eine große Anzahl von Stego-

502 799 3193 206 saurier-Phalangen zum Vorschein kommen. Nachm. Bein„

521 995 2889 178 knochen von Skelett A u. Boheti-Graben besichtigt.

604 1217 3169 174 13. Dez. Ganz früh  erschien von Namundo her eine Elfen„

530 1385 3297 211 bein-Safari v des englischen Elephantenjägers Richardson.

532 1549 3271 206 Von Schwarzen habe ich (nicht in Form von Klagen!) Dinge

523 1702 3348 207 über ihn gehört, die ihn mir als rohen Patron erster Güte

556 1862 3127 202 erscheinen lassen. Ich wäre ihm daher gern aus dem

499 2012 3354 205 Wege gegangen, aber leider war der Weg nach Lindi

548 2181 3313 208 grade durch Schießübungen der Kompagnie gesperrt. Wir

580 2349 3175 206 mußten ihn wohl oder übel aufnehmen, auch zum

569 2549 3282 171 Graben führen u. englisch quasseln. Er machte so einen

521 2714 3346 206 recht lebendigen u. nur durch sein unglaubliches Kostüm,

517 2907 3406 173 seine ungeheuren Schultern u. seine gleichfalls in d. Sänfte

535 3065 3136 195 getragene schwarze bibi einen ziemlich verrückten

541 3253 3128 190 Eindruck, aber ich war froh, als er abmarschierte. In

569 3430 3178 206 demselben Augenblick aber erschien der Feldwebel

567 3603 3160 212 mit einigen 20 Askaris, um Knochen zu besichtigen,

568 3796 3019 187 auf „Anregung“ v. Cornatzky's. Ich glaube die Askari

623 3974 3025 197 wären lieber bei ihren Damen geblieben, sicher

567 4164 3027 166 aber d. Feldwebel lieber auf Jagd gegangen. Er

553 4344 3340 165 kam mir nicht ganz richtig im Kopf vor, soll übrigens

571 4512 3396 173 auch Romane schreiben! Ich mußte also weiter Bärenführen,

554 4709 3203 154 immer zu demselben Graben, da alles andre fort ist.
