4292 5213
257 283 80 50 44

373 309 3303 202 stieß ich im Pori auf eine Barappiherde. Ali mit d.

365 484 3361 211 Gewehr weit zurück, bis er heran ist, gehen sie ab,

429 654 3409 218 scheuchte sie noch einmal auf u. verlor sie dann, eigent„

468 838 3412 237 lich zu meiner Freude; denn ich mag hier keins mehr

439 983 3420 282 schießen. Ging freilich der Leute wegen nachmittags

511 1182 1954 258 doch wieder, sah aber nichts.

674 1520 422 82 13. Aug.

910 1447 196 63 Sept.

1096 1377 2626 198 Morgens über Kijenjere hinaus in nord„

537 1504 3183 262 westl. Richtung, wo mir eine anscheinend ganz gute,

604 1675 3057 258 gestern vorbereitete Knochenstelle gezeigt wird.

3042 1795 540 89 (2te Stufe)

634 1897 2975 171 Ließ hier d. neue Abteilung u. ging zu dem

626 2039 3209 194 vielleicht nur 10-15 Min. entfernten Mbenkuru

642 2180 3091 219 hinab, an dem hier ein paar für so entlegene

618 2323 3263 218 Stellen ungewöhnliche geräumige Hütten standen.

606 2505 3198 199 Wollte auf Ndogolo's gehen u. mich möglichst

697 2675 2886 232 flußabwärts zum Lilahi heranpürschen. Man

673 2849 3128 210 führte mich indes über den Fluß in den Wald

696 3003 3049 224 an der Kiswere-Liwale-Barrabarra unweit

691 3189 3132 220 Kigombo. Zu meinem Erstaunen sah ich jetzt, wie

712 3350 3035 230 nah sie am Mbenkuru entlang führt, den ich

714 3547 2915 200 voriges Jahr viel ferner vermutete. Wald

715 3727 3014 158 gut gebrannt, aber sehr viel Gebüsch in das d. Klein„

716 3870 2914 184 wild sich stets mit wenigen Schritten retten

692 4017 3048 210 konnte. Großwild nicht gesehen. Eine Schweineherde

677 4190 2999 174 photographiert, auch ein Schwein u. ein Perlhuhn

691 4353 3006 183 leider angeschossen, aber im Gebüsch sofort ver„

673 4512 2923 204 loren. Mittags im Zelte gegessen, abends zum

655 4817 1180 84 Tendaguru zurück.
