4292 5213
227 317 120 69 70

523 275 3345 163 17. Nov. „Erst“ um ¾ 5 aufgestanden, da ich heut nicht jagen wollte, um

443 419 3215 197 frühzeitig bei d. Gräben zu sein. Aber beim Waschen kommt die

420 582 3232 201 Meldung einer unweit vorbei ziehenden Büffelherde. Hätte ich

457 735 3355 195 geahnt, wie nahe sie waren, hätte ich mich wohl noch mehr beeilt.

457 911 3255 213 Auf der II. Stufe durch schön gelichteten Wald am Plateaurand hin

459 1074 3307 194 vorsichtig hinterher; soweit möglich, suchte ich stets nach Bäumen

483 1240 3382 188 für die Defensive. In ein schönes Tal, das zum Mbenkuru hinaus

467 1398 3256 203 sich öffnete, schienen sie hinabgestiegen zu sein. Um vollen

492 1556 3352 237 Überblick zu gewinnen u. geschützter zu sein, gingen wir oben

479 1739 3360 221 am Rande hin. Dann am Mbenkuru selbst abgesucht; die Masse

447 1911 3288 245 mächtiger Spuren war uns verloren gegangen. Wollte

476 2097 3280 200 zu den Gräben, da trafen wir d. Spuren nochmals, die

501 2255 3115 199 Tiere waren noch weiter stromauf gegangen, dann

460 2421 3309 211 aber hinüber in's Dickicht getreten u. ich mußte unverrich„

442 2586 3291 197 ter Sache abziehen. Bei den weit auseinander liegenden

423 2714 2879 217 Gräben in großer Hitze; recht müde. Post erhalten.

602 2859 3106 231 18. Nov: Morgens noch bei Mondschein fort, um etwas oberhalb

484 3019 3160 229 am Mbenkuru etwas von d. 2 bis 3 Flußpferden, die da hausen, zu

475 3190 3259 213 sehen u. evtl. nochmals Büffel zu sehen. Leider doch schon zu spät, das

451 3344 3330 219 letzte Tier schien zwischen Büschen eben leise in's Wasser zu gleiten. Auf

468 3506 3010 218 einen Buschbock ohne Erfolg geschossen, auch jenseits vergeblich

464 3658 3313 217 gesucht. Zum Lager zurück, um ½ 8 nach Mtapaia, Route aufgenom„

475 3827 3079 227 men, Gräben besichtigt. Am Zeltplatz wird mir dicht unter

451 4006 3125 228 versteinerungsreichen Trig.-Schichten eine neue Fundstelle

444 4166 3140 228 gezeigt, die mir sehr gute Hoffnungen auf ein Skelett in

420 4319 3273 253 guter Erhaltung weckt. Mittags sofort in Angriff genommen.

578 4520 3107 210 Um 3 über Liwengwa zurück zum Tendaguru. Route aufge„

420 4736 3226 125 nommen, in der Nachm.-Temperatur u. bei d. Fliegenplage ein
