4292 5213
3760 219 287 142 147

429 243 3280 221 12.VII. Furtw.'s Fieber läßt endlich nach, er soll deshalb morgen

536 434 3420 227 nach Lindi geschafft werden, wo ohnehin eingepackt werden muß,

514 619 3241 151 ich werde endlich ebenfalls abmarschieren, da v. Staff meint,

518 747 3378 201 jetzt selbst fertig zu werden, was mir angesichts seiner Sprach„

549 907 3305 178 fertigkeit etwas als Unterschätzung erscheint. Aber wir haben

547 969 3399 277 ja unsern trefflichen Boheti. Die letzten Tage war so mancherlei

544 1146 3454 200 in Erwägung zu ziehen: würde ich zum Einpacken nach Lindi müssen

546 1248 3332 240 u. statt der schönen Safari m. Dampfer nach Kilwa gehen?

541 1390 3465 200 Würde Furtw., falls längere Zeit arbeitsuntauglich, nach Europa

555 1532 3388 287 zurückkehren und dann was hier? Sollte Staff einpacken u. ich

585 1704 2644 251 solange noch hier bei Furtw. bleiben? U. s. w.

730 1821 3102 299 Schach, gewann die letzte Partie recht rühmlich, indem ich

570 1968 3093 231 v. St. meine Bauern rauben ließ u. unter scheinbarer

563 2095 3371 239 Verteidigung einen konzentrierten Angriff versteckte, dem

564 2240 3152 282 er durch kein Opfer mehr zu entrinnen vermochte.

724 2434 3291 290 13.VII. Abschied vom Tendaguru, nun doch wohl endgiltig.

590 2609 3384 280 Herr Furtw. in d. Hängematte nach Lindi. Ich fühle mich doch aber

588 2756 2981 245 auch befreit, denn es gab letzthin so mancherlei zu tun.

711 2876 3314 251 Über Mtapaia nach Niongala. Wieder ein größeres Stück Anschluß.

551 3094 3271 251 Route aufgenommen, eine Heidenarbeit in dem Gras. Am

584 3184 3327 242 rechten Talhang des Mtapaia leider keine Fossilien gefunden,

570 3394 3366 204 möchte das Gestein aber zur Beyschlagi-Sch. rechnen, wodurch

528 3566 3302 263 die tiefe Bornhardti-Scholle noch enger umgrenzt würde.

542 3737 3249 246 Zwischen Mtapaia u. Ngomanyi besteht hier am Wege nur

517 3876 3322 265 noch eine sehr schmale Scheide, die beiden weiten Talauen

495 4106 3242 211 dürften sich unterhalb sehr bald vereinigen. Jenseits des

481 4305 3443 193 Ngomanje-Tals fand ich dagegen etwas roten Sandstein, der

506 4421 3292 197 zur Bornh.-Zone gehören dürfte. Das neue Arbeitslager

509 4535 3190 276 ca ¾ Std. vor Niongala in Ntimbiraje, wo neuerdings

512 4744 2667 251 Schamben angelegt sind. Hübscher Lagerplatz.
