4292 5213
3674 231 109 86 69

433 335 3528 130 Mbenkuru führte. Aber jenseits hohes grünes Gras u. im Fluß„

481 474 3558 149 bett frische Elephanten- u. Nilpferdspuren, die Tiere allein hatten

507 631 3424 183 auch den Weg getreten, so daß er voraussichtlich nicht zu

489 795 3356 145 Menschen, sondern immer weiter in's pori führte. Da

433 975 260 77 links

511 952 3478 162 rechts vom Mbenkuru gut gebrannt, wollte ich erst weiter

514 1100 3272 193 aufwärts gehen, um bessern Übergang zu finden. Doch

501 1253 3300 181 hier Spuren einer täglich sich aufhaltenden Büffelherde,

487 1416 3422 180 sodaß ich gezwungen war, halb Voll-, halb Halbmantel„

531 1565 3448 187 patronen in den Lauf zu tun. Das war mir doch etwas

505 1718 3490 186 unheimlich, außerdem sagte ich mir, wenn die Strecke gang„

461 1870 3390 208 bar wäre, müßten doch die Leute von beiden Ufern

443 2036 3476 203 sie irgendwie benutzen u. eine Wegspur sichtbar sein.

487 2193 3334 195 An dem bereits heiß werdenden Tage aber etwa in

515 2363 3420 179 hohes Gras zu geraten oder im Pori mittags umkehren

513 2531 3327 180 zu müssen, um dann doch den angeblich einzigen

499 2696 3474 168 Weg über Itukuru zurück zu gehen, hatte ich nicht Lust.

476 2882 3401 130 Wir kehrten zurück u. erwarteten die Träger. Da sie nicht

467 3061 2095 137 kommen wollten, nahm ich an,

2368 2970 579 73 meine Boten

2562 3042 1235 71 sie hätten niemand

489 3171 3441 173 gefunden u. seien bereits auf jenem Rückwege. Schweren

441 3354 3331 164 Herzens entschloß ich mich um 11 zu dem gleichen Wege,

422 3532 3407 152 kurz vor der Quelle aber trafen wir die Leute, von

450 3734 3464 126 denen Einer denn auch glücklich den Weg zur jenseitigen

471 3907 3439 112 Niederlassung von Jussuf Manga kannte: es waren nur

513 4074 3450 148 ¾ Std.! Eine Herde Elenantilopen. Der Mbenkuru muß

487 4261 3431 131 eine nicht unbeträchtliche Biegung machen, wahrschinlich nahe

465 4439 3390 161 Kigombo. Im Flußsande mittags eine schier unerträgliche

474 4633 2994 127 Glut. Um 1 ¼ endlich im Lager unterhalb Kijenjere.

580 4785 1447 139 Abends im nahen Graben.
