4292 5213
3834 272 152 96 15

506 364 3451 119 Zweifel die Verbindung zwischen Lipugiro u. Itukuru

481 517 3561 127 herzustellen scheint, noch frisches, weniges dichtes u. nur

433 677 3485 143 hüfthohes Gras. In den sandigen Bergabhang ist (ohne

504 823 3318 161 die Spur eines Wasserhorizontes!) ein Brunnenloch

529 977 3388 166 eingelassen, das ständig Wasser führen soll u. in

492 1149 3542 188 d. Tat schnell nachfüllte, freilich trübe, milchige, aber

519 1306 3362 188 recht kalte Flüssigkeit. Sonst Wasser nur stellen„

544 1469 3346 187 weis im 20-30 Min. entfernten Mbenkuru u.

525 1616 1850 191 jenseits die Hülle u. Fülle!

746 1723 3225 245 Nach Tisch bis Abend auf d. Höhen herumgestreift.

536 1872 3334 237 Viel Spuren, sogar die nicht viel Tage alte eines

521 2003 3432 299 Elephanten, aber kein Wild. sichtbar. Das Pori noch

542 2276 1196 174 sehr undurchsichtig.

693 2476 3330 151 Sonntag d. 12.VI: Früh auf Jagd, erst in die Niederung,

566 2584 3300 255 wo an der merkwürdig scharfen Grenze zwischen

541 2726 3384 254 völlig trocknem u. ganz grünem hohem Sumpfgras

571 2923 3385 226 einige kahle Flecke salzhaltigen Sand aufweisen,

571 3058 3243 260 daher d. Tiere u. auch Menschen anlocken. Frische

506 3233 3374 270 Spuren, auch d. höchst abenteuerliche vom Flußpferd

515 3435 3504 228 (sie wurden nachts von meinen Leuten gehört),  u.

539 3618 3384 200 schönes afrikanisches Landschaftsbild im Überschwem„

605 3760 3070 213 mungsgebiet des jetzt trockenen Mbenkuru.

570 3912 3235 229 Schönen Mbawalla-Bock in d. Nähe geschossen. Dann

568 4045 3433 221 wieder auf die Höhe, keinerlei Großwild. Um 10 zurück.

554 4192 3335 206 In eine nahe gelegene Schamba, von wo einer der

534 4383 3497 130 Träger Korallen gebracht hatte; fand ein vollständiges

478 4501 2137 184 Riff mit d. schönsten Korallen.

692 4670 3144 183 Nach Tisch nach einem Fossilfundort. Ferner am Rande zum
