4292 5213
281 339 126 50 22

561 371 2384 107 kurzer, schwacher Regen. Briefe.

701 473 3163 201 4. Juli: Nachm. gegen 4 etwa 20 Min. lang recht kräftiger

534 591 2898 247 Regen, so daß sich selbst Wasser in d. Gräben sammelte

650 762 3116 277 5. Juli: Morg. zum Maimbwi u. Lipugiro, keine Spur von

475 910 3270 296 Wild. Nachher bei d. Gräben, an denen doch vor 8-9 Uhr selten

480 1115 2905 256 Neues sichtbar ist u. Kontrolle je später desto sicherer.

610 1289 3259 274 6. Juli: Der Monat läßt sich wieder gut an, nachdem

516 1464 3393 262 wir 2 merkwürdig sterile Wochen hatten Vor allem dies

498 1651 3371 255 Jahr höchst erfreulicher Weise außer zahlreichen Zähnen

491 1828 3350 238 viel Wirbel guter Erhaltung, eine sehr erwünschte Ergän„

534 2028 2165 201 zung. Aber wo bleiben die Schädel?

613 2228 3218 225 8. Juli: Morgens an d. Salesi-Stelle im Kipande-Bach

555 2359 3154 290 grade zurecht, um zur der Praeparation eines grade

540 2542 3297 256 gefundenen prächtigen Knochens (Fibula) beizuwohnen.

574 2733 3158 212 Es geht im Augenblick, der Eifer der Leute ist hocher„

558 2857 2961 251 freulich u. nicht vorgetäuscht. Erfahre, daß die

602 3020 3289 285 Wangoni gleichfalls die Sage eines vorsintflutlichen

618 3205 3071 248 Tieres, namens Namentschanguru (letzter Bestandteil:

618 3338 3044 267 mgulu = Bein, vgl. nguru wa ndege!?) besitzen. Neulich

620 3506 2881 253 hörte ich auch einen andern Wamuëra-Namen:

671 3708 2790 193 ndimu oder lihimu. Briefe beendet.

834 3865 2759 253 9 Juli: Vorm: Träger vorausgesandt, Zeltlasten

656 4004 3247 255 geordnet, bemerke zu meinem Schrecken, daß mein

608 4180 3030 234 Haus sich nach vorn ein wenig gesenkt hat,

664 4355 2931 200 wahrscheinlich bei d. Regen. Auch heut mittag

662 4556 2876 163 düster u. drohend, aber bei uns fielen nur

659 4738 916 140 wenige Tropfen.
