4292 5213
333 344 143 60 96

505 342 3292 151 des „Nein“, das sie noch zuletzt ohne Erfolg zu ver„

535 494 3266 147 schlucken suchten. Was spricht aus dem Wörtchen für Haß

488 633 3175 156 u. Bedrücktheit, u. das bei zwei treuen Aufsehern!

652 799 3074 194 28. Träger zurück mit Fossil-Lasten von Matapua.

314 994 3619 214 Sonntag 29. Jan. Abends Tennis. Morgens aquarelliert. Dauernd

639 1163 1902 197 schönes Wetter, aber recht warm.

716 1383 3146 156 30. Jan: Morgens über Kitulo nach Nkangi, von wo meine

553 1540 3326 177 Leute Kalkgeoden aus Ton statt erwarteter Schwefelkiesknollen

555 1691 3328 187 gebracht hatten. Fand in dem Ton selbst guterhaltene Muscheln,

551 1864 3340 177 während Fraas u. Bornhardt keinen Erfolg hatten. Unter

584 2027 2109 197 Umständen wichtiges Vorkommen.

874 2183 2750 195 Neue inzwischen fertig gestellte Kisten gepackt.

686 2408 588 135 Abd: Tennis

800 2559 1827 173 31. Jan. Träger zurück. Lohnzahlung

820 2766 2980 219 2 Febr: Wollte morgen in aller Frühe mit Boot nach Mtere, aber

702 2905 3112 215 es paßt mit dem Wasser nicht, daher schon heut um 1 Uhr

710 3055 3055 237 mittags, Träger zu Fuß um 11 voraus. Ankunft ziemlich

750 3183 3075 251 gleichzeitig um 5. Herrliche Stromfahrt mit dichten, stillen un„

747 3353 3044 239 betretenen Ufern, weiter Fläche, schönem Segelwind, dann

747 3501 3028 239 enger u. enger werdend, daß wir erst Segel zuletzt

716 3678 3149 245 auch Ruder einziehen mußten u. nur noch staken

739 3829 3044 270 konnten. Große Schwaren schwarzer, Ibis-artiger Vögel, schoß einen

698 4017 3150 224 auf Bitte der Leute, sie verschmähten ihn aber, weil sie ihn schon

662 4209 1254 193 tot aus d. Wasser fischten.

924 4285 2899 257 Vorm. Meine Gehörne endlich verpackt u. verschickt.

770 4561 2907 159 3. Febr. Barrabarra nach Kitere. Nachts hatte es geregnet,

665 4744 3178 124 daher schmutzig, solange im Tal. Zum Glück meist guter Sand„
