4292 5213
3702 298 164 124 21

418 402 2449 55 der Nacht zurück. Einiges zum „Jesus“.

745 558 3085 140 27.VI. Morgens fieberfrei, aber den ganzen Tag

504 718 1547 141 über liegen geblieben.

675 877 3288 160 28.VI. Blieb auch heut noch liegen, da ich es für ein

489 1049 3408 182 ungünstiges Zeichen ansah, daß ich mich im Bette im„

509 1237 3394 198 mer noch wohl fühlte. Mittags wegen zu starker

492 1456 3334 156 Hitze aufgestanden. Heute wieder schönes Trocken„

557 1625 3326 162 heitswetter, während 24-27 fast ständig bedeckt u.

508 1811 2729 171 in d. Nachbarschaft einige Regenfälle.

671 1992 3220 178 29.VI. Wieder zu einigen Gräben gegangen, noch

578 2203 3215 100 etwas schwach. „Jesus“. Neuen Tumbili bekommen.

652 2317 3109 219 30.VI. Wieder völlig wohl. Nachm. Lohnzahlung,

582 2540 3183 169 bei über 300 Mann ein langwieriges Geschäft.

1636 2669 732 78 Viel bedeckt.

683 2705 3276 208 1. Juli 1910: Neuer Graben (Moh. Keranje) unweit Skelett E

585 2873 3274 235 begonnen, prächtigen großen Humerus freigelegt.

547 3033 3034 248 Mit d. Packkolonne in Graben IX eingepackt.

733 3237 3106 194 2. Juli: In Graben XV einzupacken begonnen.

553 3395 3368 222 Bei den zahlreichen, weit verstreuten Arbeitsstellen

601 3561 3327 205 jetzt viel Arbeit. Zum Glück kühl, da größtenteils

560 3831 2155 92 bedeckt. Poscho-Zahlung.

702 3944 3099 184 Sonntag d. 3. Juli: Ganzen Tag mit Kopieren u.

536 4135 3247 174 Vorbereitungen zum Entwickeln beschäftigt. Fehlt

537 4288 3256 216 leider allerhand, so daß ich nicht dazu komme.

523 4468 3446 207 Konnte nicht am „Jesus“ schreiben, wie beabsichtigt,

522 4677 3505 180 da Janensch größtenteils zu Haus. Bedeckt, nachm. sogar
