4292 5213
267 212 279 168 138

434 260 3466 220 23. Mai: Um 5 aufgebrochen, um 8 in Lindi. Gleichzitig war soeben

452 429 3266 247 der Dampfer eingelaufen. Sofort an Bord, v. Staff abgeholt.

436 585 3447 228 Er kommt leider ohne Zeltausrüstung u. Waffen, daher mancherlei

486 740 3416 211 zu erledigen. „Hotel“ besetzt, schlage Zelt im Hof der Usagara auf,

481 881 1233 231 Staff Fremdenzimmer.

782 945 3158 298 Janensch, der vor mir fort wollte, marschiert nach Mchuya

479 1144 1341 239 ab. Immerhin rechtzeitig.

548 1319 1446 232 24. Mai. Besorgungen aller Art.

531 1405 3458 272 25 „ Wollte abends mit Boot nach Nguru Mahamba, von dort in 3 Tagen

508 1580 3439 228 über Lutamba u. mir neuen Noto-Aufstieg zurück, aber es paßt

503 1712 3260 267 mit dem Wasser nicht, Staff soll ohne Moskitonetz nicht am See

498 1921 3260 209 schlafen, u. abends ist Abschiedstrunk für d. von mir hoch

488 2032 3351 241 geachteten Bezirksamtmann Wendt, der auf Europa-Urlaub geht.

513 2163 3347 192 Mit Staff Besuch beim neuen Oberhaupt Auracher, mit dem ich

523 2295 3387 278 auf freundschaftlichem Fuße stehe. Abends Abschied am Stammtisch.

642 2459 3274 217 26. Mai Morgens Staff vorausgeschickt, da gestern abend

495 2626 3408 242 noch Träger u. neue Bestellungen von Janensch eintrafen, um

502 2801 3399 261 8 hinterher, Kitulo nunmehr fast trocken. Schöner Weg in

515 2933 1823 247 der Mulde. Marsch bis Lutende.

592 3073 3266 198 27. Mai. Marsch bis Noto. Nachm. am Südabhang mit köstli„

495 3215 3282 299 chem Blick auf Rondo, über das ich nunmehr Überblick habe

506 3398 1310 252 nach d. Februar-Safari.

228 3580 3512 226 Sonnt. d. 28. Mai. Marsch zum Tendaguru. Staff anscheinend etwas

531 3743 3278 251 ermüdet, doch gefällt es ihm anscheinend, was ja nicht zu ver„

515 3926 3312 192 wundern. Ich habe ihm als zweiten Boy den Neffen unsers

560 4031 3217 238 alten Freundes Mwindadi gegeben, auch um d. alten Herren,

541 4150 3308 274 den Wendt als Spion eingesetzt hatte, noch mehr an die Gegend

581 4322 3079 260 zu fesseln, es kommt uns ja in erster Linie zu gute.

719 4493 2163 245 29.V. Mit Staff nach Kindope. Gute Funde.

827 4643 2892 243 Nach Tisch im Magazin u. an d. Quelle. Mit vortrefflicher
