4292 5213
274 341 123 72 16

470 311 3419 199 Mbenkuru-Tal Anstehendes gesucht, um das Liegende der

484 488 3329 202 Lipugiro-Sande zu finden. Nichts zu sehen. Die relati„

526 675 3365 187 ven Lagerungsverhältnisse bleiben mir sämtlich un„

495 920 290 106 klar.

601 993 2994 165 Den Abend im Liegestuhl unter hohen Bäumen

524 1165 3386 129 genossen. Hinter mir die fleischkochenden Herren vom

524 1319 3247 153 Gefolge schwatzend u. einander anödend, wozu ich

540 1475 3172 155 von Zeit zu Zeit beisteuerte. Szene zum „Jesus“

566 1669 2414 159 begonnen. Wär ich öfter so allein!

719 1848 3191 169 13. Juni. Zu früh aufgestanden, mußte mit Abmarsch

586 2019 3041 173 warten, bis es hell genug war. Mein Auge

602 2164 3117 202 begann unterwegs zu schmerzen u. zuweilen zu

601 2313 3216 202 tränen, da vorgestern ein Grashalm ziemlich kräftig

597 2490 3156 197 u. tief eindrang. Kein Wild. Von Ngomahi ab

620 2667 3028 185 andern Weg aus geolog. Gründen u. weil er ja

643 2807 3096 205 nicht schlimmer sein konnte als d. vorige. Nach

653 2977 3050 213 S bis zu einer Ansiedelung von z. T. Wamachinga,

636 3139 3203 232 die ich hier zum ersten Male rechts des Mbenkuru

645 3306 3118 221 treffe. Auf d. Wege Zwergantilope aufgescheucht,

632 3471 3213 233 bei d. Schamben Hundsaffen geschossen, einen getötet.

658 3636 3242 233 Auf der von Förster Dehn in d. Regenzeit geschlagenen

636 3836 3177 214 Grenzlisiere des Waldreversats, die v. d. Eingebor„

666 4010 3104 207 nen als Barrabarra betrachtet wird, nach Mta-

681 4184 3106 169 paia. Auf d. Wege noch einen Hundsaffen er„

665 4343 2946 171 legt. Am Kadaver des von mir geschossenen

626 4596 3267 58 Warzenschweins eine Fülle von Geiern u. Gauklern,
