4292 5213
3714 232 265 151 105

385 256 3418 251 die gewellte, gleichmäßige Fläche der Manihot-Kronen.

393 423 3213 248 Schöne Einrichtung des geschickt, aber einfach gebauten

393 512 3441 314 Häuschens, freundliche Aufnahme. Nachm. Gang durch die

397 674 3480 318 Pflanzung. Hinter dem Haus ein auffälliger, krater„

453 808 3495 336 förmiger Erosionskessel in der Halde vor dem Steil„

451 1029 500 234 absturz:

545 1471 3420 283 23.II. Durch die Pflanzung auf die große Bucht zu, welche hier

510 1645 3306 320 durch Nyangedi u. Nyangao in d. Südteil des Rondo

517 1767 3263 351 hineingeschnitten ist. Zunächst ein unbedeutendes Tal

472 1936 3470 298 aufwärts, über dessen oberes Ende in's vielverzweigte,

561 2087 3200 284 aber schmale Lihimba-Tal, auch dieses quer aufwärts

548 2193 3264 345 überschritten, seitlich mit Steilanstieg auf die Wasser„

518 2402 3215 296 scheide gegen Nyangedi, aus Newala-Sandst. gebildet,

551 2494 3429 328 auf dem Riegel entlang auf ungeschicktem Wege hinüber

530 2676 3374 307 zum Liputi mit ewigem, ganz unnötigem Auf u. Ab.

547 2814 3376 309 In gleichfalls gänzlich törichten Windungen über die

543 2952 3513 383 Plateaufläche des Liputi, dann jenseits statt in Serpentinen

508 3119 3199 366 natürlich gradinig bergab, so daß der Weg mehr

526 3254 3376 340 Bachriß vorstellt, als sonst etwas. Über breites Neben„

527 3442 3264 348 tal des Nyangedi nach Ntatala, Lager aufgeschlagen.

444 3590 3483 337 Verpflegungsschwierigkeit, Leute hungrig u. störrisch, Karani

508 3838 726 272 ungewandt.

717 3861 2956 338 Wollte auf Engelhardt's Wege weiter, aber mit

497 4058 3403 290 Trägern nicht mehr zu machen, ebenso an Ort u. Stelle

494 4174 3390 307 alles so verwachsen, daß für geol. Interessen kein Raum

476 4380 2151 278 blieb. Temperatur recht angenehm.
