4292 5213
3872 253 129 114 55

452 302 3368 127 durft, denn die roten Nkanga-Konglomerate vertreten

463 424 3346 155 hier die Rolle der Newala-Sandsteine in d. Hochplateaus.

497 581 3440 169 Beim Abstieg nach Pilepile fand sich unter ihnen schön auf„

482 711 3476 216 geschlossen erst ein Austern-Horizont, dann Korallen, dann

472 837 3385 260 Schnecken (vermutl. Bornh.'s Nerineen-Schicht), endlich eine

481 1001 3321 257 Muschelbreccie von solcher Dichte, daß d. Querschnitt wie

462 1145 3595 288 Fluidalstruktur anmutete. Leider konnte ich abends wegen

499 1295 3346 295 meiner Verdauungsstörung nicht selbst weiter sammeln,

475 1509 3327 267 sondern mußte Leute schicken. Auch d. Hitze war höchst

503 1647 3440 287 abschreckend. Endlich mußte ich Kaiserin-Geburtstag feiern,

541 1800 3492 323 der heut in Lindi mit Parade u. Volksspielen begangen

520 2022 3284 227 wird, u. um den ich meine Leute gebracht hatte.

526 2121 3335 322 Werfen, Speerschleudern, Ringkämpfe, Stockfechten, Springen

476 2311 3569 329 u. a. m. machte viel  Spaß u. ausgesetzte Preise feuerten

515 2500 3247 327 an. Springen können d. Schwarzen allgemein nicht, sie

500 2785 1162 217 üben es auch nicht.

768 2908 3229 246 23. Oct. Noch bei Mondschein aufgebrochen, über ein Tal (Namban-

603 3063 3247 232 diti u.? Kandiro-Fluß) zum Nemba, höchste Erhebung eines

579 3218 3418 240 den Namgaru-Kessel in 2 Hälften (Kandiro u. Namgaru)

578 3371 3385 232 teilenden Querriegels, auf dem der Weg mit schönen

554 3620 1355 117 u. lehrreichen Bildern

1910 3556 119 45 auf

1909 3525 1917 137 nach beiden Seiten führt. Fand

560 3635 3387 275 aufstehend oder doch in Blöcken, die nicht weit vom Ausge„

555 3797 3430 276 henden lagen, erst wie außerordentlich grobes Konglo„

573 3998 3296 236 merat, das gegen Fraas' „zunehmendes Korngröße“ spricht, mit

561 4160 3416 220 faustgroßen Einschlüssen, ferner am Nemba selbst das öfters Erhebun„

577 4336 3378 211 gen schaffende Nkanga- Mahimbwi-Konglomerat von charakte„

555 4485 3424 214 ristisch rotbrauner Farbe u. unter ihm jene Muschelbreccie vom

521 4654 3504 199 Nambawalla-Abstieg in gleicher Höhe wie dort. Von den Zwischen„

538 4823 3372 125 horizonten keine Spur, auch beim Abstieg nach Namgara nicht,
