4292 5213
3704 295 93 119 71

422 259 1390 152 Vergnügen eigener Art.

535 419 2308 160 19. Nov. Kindope-Gräben. Poscho-Zahlung.

490 635 3356 161 Sonntag d. 20. Nov: Ruhetag. Zeitungen. Malversuche. Schach.

582 824 3283 149 21. Nov. Eine Reihe recht schwerer Lasten nach Lindi abge„

538 995 3106 90 fertigt. Nicht ohne viel Schererei. Als nachmittags die

498 1124 3380 157 Meldung kam, eine 22-Männer-Last könne nicht vorwärts,

517 1278 3243 177 schickten wir lediglich die Nilpferdpeitsche hinterher. Das

533 1449 3382 178 klingt so furchtbar grausam nach Onkel Tom's Hütte, ist aber

547 1590 3294 184 nicht nur etwas hier vollständig Natürliches, sondern auch

505 1746 3289 172 frei von jeder Rohheit. Die Leute waren ärgerlich, daß sie

475 1892 3374 175 nicht Einzellasten bekommen hatten, zur Not hätte auch die

527 2060 3303 172 Hälfte Träger genügt. Janensch will dieser Tage aus ver„

475 2206 2937 186 schiedenen Gründen auch wieder selbst nach Lindi.

673 2415 3295 158 22. Nov. In d. Nacht - eine höchst überflüssige Zeitform in Afrika! -

543 2565 3296 174 unerwartet plötzlichen Durchfall. Vorm. nur wenig gegangen,

540 2733 1489 174 Fossilsammlungen geordnet.

598 2895 3283 185 23. Nov. Janensch morgens ab nach Lindi. Am Tage mehr„

580 3073 1094 146 mals schwache Regen.

636 3187 3099 193 24. Nov. Bei Skelett S mit Ölfarben Zeichen gemacht. Für d.

470 3318 3403 210 Schwarzen ein groß Wunder. Hörte, wie sie sich darüber

553 3487 3306 209 unterhielten. Ob wir Europäer denn nicht früher auch solche

538 3678 3209 184 Leute wie sie gewesen seien, u. wie wir zu all den

489 3833 3424 186 Herrlichkeiten kämen. Boheti gab die allseitig befriedigende

529 4005 2979 169 Erklärung, wir lernten eben alles in der Schule.

580 4171 3286 182 25. Morgens über Doanika-Quelle u. Mbenkuru-Tal nach

469 4340 3393 201 Kindope. 1 nguruve geschossen. Dann 3 Wasserböcke aufgejagt,

489 4497 3536 198 aber in d. weiten freien Ebenen kam ich auf immer größere

483 4710 3520 141 Entfernungen zum Schuß, natürlich ohne Erfolg. Wieder kein Männchen

3406 4823 298 83 dabei
