4292 5213
3743 225 238 158 121

434 224 2238 289 7. Apr. Gepinselt. Safari zurechtgestellt.

436 450 3307 171 8 Apr. Mit unsern Lindileuten (J.'s Träger) aufgebrochen nach

422 498 3590 271 Kiroka, am N.W-Fuß d. Gebirges. Unterwegs Regen u. schauerlich

440 680 3494 269 nasses hohes Gras, aber hübscher Lagerplatz an d. alten Daressa-

438 842 915 233 laamer Straße.

457 933 3412 310 9. Apr. Es führt Barrabarra nach meinem Ziele Sultan Kingaro

435 1140 3419 228 in Kinole, aber die Schwarzen erzählten, der Weg sei steiler u.

466 1267 3442 257 sehr verwachsen u. schlecht. Man führte mich einen beträchtlichen

464 1447 3520 161 Umweg am Fuß des Gebirges bis zu einer neuen Europäer-Pflan„

471 1622 3546 211 zung, dann über 2 niedrige Pässe in's obere Ruvu-Tal u. hier auf

2234 1791 64 56 ?

436 1768 3582 226 sehr schweren steilen u. unnötig hoch gelegten Pfaden nach Kinole,

464 1861 3586 253 wo wir gegen 1 eintrafen. Kein Mensch konnte eine einigermaßen

453 2015 3467 252 verständige Auskunft geben. Mir persönlich war's sehr lieb, denn

450 2165 3490 223 das Tal mit Blick auf d. hohen Mkambaka, der freilich nur

431 2375 3409 168 Nachmittag zeitweilig ganz frei wurde, u. mehr noch die

462 2495 3547 260 köstliche Lage des Häuptlingsdorfs hoch auf einem d. Tal beherr„

477 2619 3165 265 schenden Vorsprung entschädigten reichlich, aber d. Träger

505 2777 3524 209 taten mir sehr leid. Sehr schade war freilich, daß alle die Giganten-

501 2976 3387 201 Häupter in nicht weichenden Wolken lagen. Gegen 4 hoffte ich

524 3078 3210 257 auf klares Wetter für morgen, um 5 aber machten ein

474 3239 3312 247 Windstoß, Temperatursturz u. augenblicklich sich bildende u.

519 3352 3294 283 entladende Wolken den Hoffnungen ein Ende. Es war

514 3514 3132 283 ganz riesengebirgsmäßig. Regen fast d. ganze Nacht.

562 3741 3423 179 10. Apr. Morgens alles bedeckt. Ich wollte auf d. große Gebirgsstraße

534 3871 3355 237 u. diese hinab nach Mrogoro, das war angeblich unmöglich,

539 4075 3462 169 man behauptete die Missionare der unweit gelegenen Station

534 4196 3325 219 gingen den einzigen Weg, den es gäbe; den führte man

556 4339 3294 177 uns: Vituli-Paß. Für d. Träger war es bei dem bis 9h

526 4501 3494 195 dauernden oft sehr heftigen Regen, den vollständig durchweichten

509 4662 3551 219 u. wahnsinnig verwachsenen u. steilen Wegen eine böse Tortur
