4292 5213
259 261 221 155 110

446 285 3518 234 3.III. früh von Kilwa fort, bei dunstigem, dann stellen„

520 459 3468 281 weis regnerischem Wetter durch den Mafia-Kanal,

524 582 3359 270 viele Korallenriffe, gewundener Weg. Nachm. vor

514 776 3325 305 Rufiyi-Delta gelegen, bis die Flut uns über die

561 932 3380 317 Barre ließ. Erst kurz vor der Einfahrt in d. Fluß

533 1119 3399 290 erblickte man die Öffnung im Ufer. Der Dampfer

562 1274 3350 317 ging in guter Fahrt die 12 km. bis Salale hinauf.

539 1444 3198 298 Die Mangroven-Ufer in ihrer Einförmigkeit u.

526 1647 3234 245 Leblosigkeit waren meiner Erwartung eine

486 1802 3217 271 Enttäuschung. In Salale den Heckraddampfer mit

518 1970 3210 321 seitlichen Schleppleichtern gesehen. Ödes Nest, aber

508 2091 3547 310 d. hiesige Försterehepaar u. Töchterchen fühlen sich riesig

562 2294 3116 325 wohl u. wollen garnicht  fort. Kaum war d.

561 2486 3140 304 Sonne fort, so traten d. Moskitos an. Ich schlief

609 2623 3185 330 bei geschlossener Tür u. Fenster, es half auch nicht völlig

590 2852 1360 238 u. die Luft war böse.

642 2950 3147 310 4.III. Fast noch im Dunkeln den Fluß wieder hinab,

563 3095 3296 311 in's Meer hinaus. Einzelne Regen u. Nebel, ein„

557 3295 3380 319 mal so stark, daß d. Schiff stoppte, ehe es sich weiter

578 3471 3229 320 durch die Riffe winden konnte. Um 4 Daressalaam

284 3648 3431 317 in Sicht, um 4½ im Hafen. Nach 2 D. O. A. G.-

581 3839 3260 314 Schiffe u. der „Sperber“ im Hafen. Wohnung im

617 4002 3354 323 Kaiserhof. Treffe abends mit Kempner zusammen.

482 4187 3072 286 Sonntag d. 5.III. Morgens Spaziergang am Strand.

699 4375 2791 291 Schach im Hotel. Abds Tennis mit Kempner.
