4292 5213
3728 322 138 50 31

395 405 3504 56 1 August: Die neue Stelle im Maimbwi u. eine zweite

471 523 2741 161 im Kitukituki-Bach in Angriff genommen.

636 695 3047 133 Ich morgens nach Ubolelo, 3 ½ Std. dortige Gräben

460 839 3239 162 besichtigt, leider bisher ganz ohne weitere Ergebnisse.

419 996 3462 177 Kann hier nur eine Saurierschicht finden, die ziemlich

446 1193 2455 125 hoch in das Plateau-Profil hineingeht.

634 1305 3257 202 Nachm. Andre Knochenfunde an entsprechender Stelle

553 1465 3260 194 unter dem Namunda besichtigt. Auch nicht überwälti„

546 1697 340 110 gend.

700 1797 2990 148 2. Aug: Morgens abmarschiert. Zurück bis Ngwanja,

556 1940 3245 170 dann auf Umweg über den Namunda. Dicht unter den

564 2118 3078 157 Newala-Sandsteinen Wasserhorizont. An dieser Stelle

560 2252 3097 163 das Plateau nur etwa 200-300 m. breit. Gewinne

608 2444 3220 75 endlich den erwähnten Überblick nach S zum Mputwa,

561 2594 3146 100 kann aber noch immer nicht feststellen, ob Mputwa

524 2723 3125 125 u. Namgura zusammenhängen. Über Maimbwi zurück,

525 2862 3255 167 prächtig abgebrannt, aber schlechter Wind: Keine Barappis.

698 3099 3027 144 3. Morgens in Kindope. Der Stegosaurier scheint einer

558 3259 2273 146 unsrer besten Funde werden zu wollen.

733 3437 2957 131 4. Morgens im Maimbwi-Tal; Schöne Wasserstelle in einer

553 3588 3139 137 Art Grotte. Fluß-abwärts, herrliche Vegetation. Zwergantilope

562 3786 1855 66 gesehen. Janensch in Mtapaia.

676 3840 3047 225 Außerordentlich dunstig, da Landwind. Die zahlreichen Feuer

580 4010 3010 171 wirbeln die Luft in Höhen, wo sich der darin enthaltene

532 4135 3141 218 Wasserstoff kondensiert. Janensch machte mich neulich auf

545 4285 3195 247 die Gewitterwolkenbildung an solchen Stellen aufmerk„

529 4424 3198 267 sam. Gradezu Vesuv-Pinien sind zu beobachten, die zweifel„

503 4596 3190 253 los kein juveniles Wasser enthalten. Von mittags ab

547 4767 3251 179 daher meist bedeckt, die Sonne abends blutigrot wie Bilder
