4292 5213
3712 230 253 148 139

469 299 3469 240 Schulung (Autodidaktische!) u. scharfem Blick entwickelt er mir an„

463 428 3600 284 fangs gegen meinen Widerstand aus dem einzigen Bachbett

477 631 3447 257 Probleme über die Morphologie u. Hydrographie unseres Ge„

453 753 3433 277 bietes, in dem wir Beide seit 2 Jahren, er seit 2 Tagen

468 907 3438 321 sitzen. Schließlich gehe ich mit flatternden Fahnen zu der

514 1080 3442 290 Theorie der Peneplaine über, da sie mir wirklich vieles

485 1258 3474 207 in Einfachheit zu enthüllen scheint, woran ich mir bisher

514 1411 3349 314 ohne sichtlichen Erfolg den Kopf zerbrochen habe. Freilich

543 1556 3225 312 bin ich 2 Jahre ausgeschaltet gewesen, aber die Lehre ist

539 1750 3262 295 älter u. ich habe von ihr nicht Notiz genommen. Auch

514 1900 3234 270 die Mehrzahl der andern Geologen nicht, aber wem

561 2102 1879 294 gälte das als Entschuldigung?

835 2302 3145 224 Staff ist ½ Jahr jünger als ich, hat 4 Semester auf Jura

555 2388 3317 324 verwenden müssen, war in Mexiko, kam nach mir

524 2596 3331 283 an unser Institut, beschäftigt sich mindestens so viel„

497 2792 3461 261 seitig, wie ich es mir einbilde, ist geübter Alpinist, hat in

494 2906 3488 236 Allem ein fabelhaftes Gedächtnis u. alles stets zu sieg„

517 3083 3499 294 reicher Debatte zur Hand, ist bereits verheiratet, Dozent,

529 3264 3500 290 hat weit mehr u. besseres als ich veröffentlicht, ich komme

541 3434 3295 275 mir wieder einmal so dumm, so klein vor.

511 3646 3539 204 Und darf ich ihm gleich freiwillig den Vortritt lassen?

464 3771 3229 267 Selbst gegen meine Einsicht von seiner Tüchtigkeit

512 4023 3523 183 1000 mal nein! Übrigens ist er mir keineswegs restlos

488 4155 3425 238 sympathisch, unsere Temperamente stimmen nicht recht

457 4296 3340 277 überein, aber da ist meine Sympathie auf seiner

444 4484 3590 256 Seite gegen meine Ruhe. Jedoch hat er viel Einbildungs„

432 4604 3290 301 dünkel, der mir in Lindi fast auf die Nerven fiel.
