4292 5213
262 245 199 178 116

408 221 3512 299 Traf am Wege wieder eine Kongoni-Herde u. schoß 1 Tier

470 415 3474 281 an, dem  wir 2 Std. ohne noch etwas zu sehen, folgten.

482 566 3430 223 Streckenweis am Masirafu entlang, wo zahllose Wild„

459 747 3400 266 pfade, Spuren von Schweinen, Antilopen, Zebras,

494 915 3192 273 Nashorn, aber zu sehen nichts. Gegen 11  am

499 1046 3500 256 Lagerplatz unter dem Makurunge-Berg eingetroffen.

469 1294 3426 200 Bald danach die ersten Träger, die am Wege, wo

480 1368 3344 302 ich eben gegangen war, eine große Gnu-Herde

488 1517 3361 298 meldeten. Brach sofort auf u. sah nach 20 Min.

501 1750 3296 199 die Tiere mit d. Schwänzen wedeln, schlich mich in

525 1828 3365 263 dem ziemlich offenen Gelände heran, glaubte ein„

517 1993 3428 218 mal Kongonis vor mir zu haben, da ein Tier ganz

500 2148 3292 306 braun schien, erkannte aber schließlich Zebras. So

478 2328 3431 316 sehr ich mich freute, sie endlich zu sehen, um so pein„

519 2469 3511 267 licher war mir's die schönen Tiere der Leute halber

463 2686 3495 276 (obendrein ohne Erlaubnisschein) schießen zu müssen.

502 2850 3472 212 Noch am Morgen, als einer der Jäger bei mir war,

502 2998 3453 280 hatte ich ihn instruiert, daß Giraffen oder Zebras nur

511 3177 3314 289 er schießen solle. Der erste Schuß schien getroffen zu

508 3395 3301 218 haben, ich konnte aber nicht erkennen, ob d. Tier

515 3499 3335 298 wieder hochgekommen war. Die Herde blieb. Ich

522 3655 3150 315 schoß noch öfters u. sah schließlich wieder eins

554 3852 3414 271 stürzen. Nun ging ich heran, die 4 übrigen galop„

575 3988 3300 317 pierten erst im letzten Augenblick ab. 2 lagen

558 4155 3323 218 tot. Der häßliche Schächtschnitt in dem schönem Hals,

553 4328 2546 305 über den sich schon Stanley ärgerte!

734 4552 3085 231 Abend ½ Std. nordwärts weiter gegangen, wo

567 4648 3409 304 an lichter Stelle das Nguru-Gebirge gut zu sehen. Herr„
