4292 5214
3815 257 106 129 23

481 295 3267 198 Vorm. in einigen nahen Gräben gezeichnet.

475 471 3372 191 Nachm. zu einem Graben, nachher Poscho ausge„

509 650 3364 195 zahlt; gleich darauf mit Ali nach Mtapaia nachge„

502 816 2651 232 zogen. Zelt beim Karani aufgestellt.

663 968 3134 263 Sonntag d. 10. Juli: Vorm. auf Jagd. Noch in der

545 1147 3207 305 Dunkelheit um 5 aufgebrochen, um die angeblichen

555 1316 3212 307 Barappi u. Ndomdala in den Bohnen abzufassen.

547 1503 3194 308 Keine Spuren. Streckenweis abgebrannt, aber

554 1710 3302 271 meist durch Gras, wenn auch z. T. niedriges.

561 1889 3032 261 Öfters Tieren auf der Spur, die wir auch

585 2028 3294 278 hörten oder entspringen sahen, die sich jedoch

553 2209 3087 254 stets ohne Schwierigkeit im Grase verbergen

595 2358 3266 256 konnten. Die vielen ortsansessigen Begleiter

600 2548 3073 246 wußten weder, wo Feuer durchgegangen war,

628 2681 3089 283 noch wo sich Wild aufzuhalten pflegte. Auf

604 2861 2885 272 dem Rückweg dicht am Lagerplatz eine

623 3070 3289 182 Schopfantilope, junges Männchen (ugorombwe) geschossen

616 3241 3097 231 u. Spuren von Elephanten gesehen, die vorige

649 3451 3032 149 Nacht durch gekommen waren. Schon um 9 Uhr

613 3575 3240 222 wieder im Zelt. Das wenige Fleisch schnell unter

627 3742 3174 244 die Anwesenden verteilt. Ging gegen 11 noch

633 3952 1772 165 einmal aus, ohne Erfolg.

806 4012 3109 294 Nachm. nach N in's Tal des Mkoma (neuerdings gleich

580 4214 3213 256 einem andern Fluß Lilahi genannt, was ich be„

555 4405 3093 240 kämpfte). Schön abgebrannt. Perlhühner gesehen,

558 4598 3408 217 2 junge Warzenschweine geschossen, aber nicht mehr

514 4836 581 146 geborgen.
