4292 5213
231 250 249 220 140

506 290 3373 195 31. Mai: Mit v. Staff in Mtapaia, dort nach Besichtigung des Grabens, für

459 389 3391 265 den mir St. merkwürdig wenig Interesse aufzubringen schien,

452 545 3451 203 kleines Frühstück, Rückweg teilweise ohne Weg durch niedriges

492 705 1385 261 Gras, keinerlei Spuren.

787 845 1135 265 Nachm. Lohnzahlung.

509 973 3387 275 1. Juni 11: Der Barappi-Junge vom Namunda führt uns über

614 1104 3099 304 den Mtapaia u. Muyoya durch hohes Gras u. Bambus-

576 1307 3333 250 Dickicht zu der von ihm voriges Jahr entdeckten Knochen„

559 1444 3308 322 stelle im Waldreservat. Ein oben etwas angewitter„

550 1601 3440 273 tes Sacrum mit Teilen beider Ilea u. allerhand außen

566 1710 3310 334 liegende Bruchstücke machen keinen üblen Eindruck,

585 1900 3284 321 freilich schon viel herausgewittert. Dicht dabei an„

586 2093 3125 223 dere gute Stellen mit Stegosaurier-Resten u. dgl.

606 2210 2640 227 2. Juni Kindope. Grabungen am Muyoya begonnen.

561 2277 3263 330 3 Juni. Graben von Skelett S besichtigt. Poscho-Zahlung.

472 2504 3482 270 Sonntag d. 4. Juni: Mit v. Staff's Hilfe (wiederum beschämend,

652 2608 3054 344 aber nicht zu ändern, er weiß eben mehr) endlich

602 2811 3178 287 Bearbeitung meiner Routenaufnahmen begonnen.

597 2963 3109 327 Ganzen Vormittag gezeichnet u. übertragen, es rückt

653 3134 1873 244 freilich verdammt langsam.

922 3263 2507 287 Nachm: 2 Partieen Schach, je 1 Gewinn.

677 3398 3149 280 Begonnen„ Grundzüge d. phys. Geographie“ v. Martonne,

588 3560 3228 283 das mir Staff mitgebracht u. empfohlen hat, anschei„

589 3704 3064 260 nend mit Recht. Vortreffliche Modellzeichnungen.

734 3858 3106 266 5.VI. Graben am Muyoya besichtigt. Nichts sonderlich

621 4015 3235 355 Erhebendes. Dann zur Matapua-Straße durchgestoßen,

625 4190 3074 312 ein kl. noch fehlendes Stück Routenaufnahme zur

636 4314 2850 343 Anlehnung an d. kartographierte Waldreservat.

727 4498 3198 294 Bei Skelett S abermals von oben zu graben begonnen.
