4292 5213
3847 257 143 99 65

587 295 3215 163 Um 4 gegen das W.-Ende der Hausebene auf Jagd, herrliches

524 470 3346 125 Gelände, leider schon spät, weil mir gesagt war, in der Nähe

564 616 3190 136 wäre kein Wild. Offenbar recht viel. Schlich mich an einen

543 784 3240 132 großen Buschbock (f. Wasserbock gehalten) heran u. sah, als ich

552 979 3478 80 schießen wollte, wie er zu einer großen Zibetkatze hinüber„

530 1140 1255 87 äugte, in dem freien,

1587 1039 549 82 etwas welligen

1785 1141 2221 90 Gelände ein überaus eindrucksvolles

537 1301 2286 74 Bild. Konnte d. Buschbock dann erlegen.

643 1382 1740 77 Zum ersten Mal Pfeil u. Bogen gesehen.

692 1474 3299 96 15. Nov. Beim Aufstehen um 4 minimaler Regen, aber

572 1597 3211 158 noch öfters am Tage drohend u. in d. Ferne mehrfach

601 1746 3186 147 ziemlich erhebliche Niederschläge. Der Weg führte durch das

607 1873 3188 176 prächtige freie Jagdrevier von gestern abend, dann durch die

625 2027 3162 180 Grasebene von Maonga u. Kigombo, in die jenes ziemlich

629 2165 3218 214 scharf abgegrenzt mündete. Nach den Erfahrungen vor'm Jahr

666 2343 3062 181 hatte ich gemeint, sie bestände durchweg aus jenem hohen,

598 2514 3313 148 feuerfesten Elephantengrase. Zu meiner Freude, sah ich nun

634 2652 2516 159 eine gewaltige ganz freie Fläche vor mir, das

3173 2566 199 97 West

3150 2631 821 115 Nordende völlig

647 2797 3178 163 abgebrannt, in der Mitte nur etwa hüfthohes, vom Feuer

613 2945 3380 187 gelichtetes Gras, nur der Ostteil ziemlich undurchdringlich. Meine

627 3077 3109 213 Annahme, der Mbenkuru sei hier vor Durchbrechung des

595 3243 3448 200 Plateaugebiets westlich am Mbalawala vorbei nach N. geflossen,

643 3400 3243 192 fand ich durch den derzeitigen Zustand des Geländes nicht

639 3541 3426 205 bestätigt, doch macht die ganze Fläche mit ihrem scharf abgesetzten

622 3672 3392 241 Waldrande auch zur Trockenzeit den Eindruck eines großen

634 3826 3423 239 Sees, der hier vielleicht früher bestanden haben mag oder

644 4009 3256 192 zur Regenzeit so voller Wasser steht, daß sich Bäume

649 4146 3394 204 nicht darin halten können. Immerhin zieht der ganzen

614 4324 3343 181 Länge nach, ein mehrere Meter breites, fast 1 m. tief ein„

636 4461 3173 201 geschnittenes Bachbett hindurch, auch jetzt mit grünem Grase

615 4622 3374 164 bestanden u. offenbar (Wildspuren) noch bis vor kurzem Wasser

625 4780 3294 147 enthaltend. Der Weg nach Kigombo führt quer über die Westecke
