4292 5213
270 270 126 72 60

468 339 3336 151 25. Oct. Dämmerung abgewartet, um Route aufnehmen zu

476 472 3328 147 können bis zum Anschluß an die Dehn'sche Karte vom

434 620 3416 169 Waldreservat. Dem Mtap Mtshingiri ein Stückchen aufwärts

471 756 3214 194 gefolgt, um Einblick in d. Aufbau zu erhalten. Im

435 914 3440 196 rechten Ufer hübsche kleine Verwerfung mit Spaltenbreccie

442 1093 1983 183 beobachtet, Sprunghöhe ca 1 ½ m

841 1262 2232 169 Am Tendaguru gegen 10h eingetroffen

657 1380 3029 218 Jan. hat gestern mit dem ihm eignen trefflichen Blick am

489 1539 3292 189 Wege zum Karani Ligoma in einem Graben der zweiten

491 1674 3211 203 Stufe Anzeichen vom Schädel entdeckt u. heut durch Boheti

457 1811 3215 211 praeparieren lassen. Wir gehen am Abend gemeinsam

513 1973 3266 202 hin u. finden unsere Erwartungen übertroffen. Ziem„

473 2123 3178 223 lich vollständiges Exemplar nebst Unterkiefern u. Zähnen.

472 2292 2755 202 Hinterhaupt wie das in Kindope gefundene.

798 2421 2593 201 Die mehreren Gelegenheiten abds. begossen.

568 2590 3179 209 26. Oct. Kindope-Gräben, darunter seit einiger Zeit

675 2766 3159 190 in Angriff genommene neue Stelle besichtigt, wo uns

647 2890 3091 219 endlich der Theropode zu winken schien, wo aber,

671 3013 3038 244 was mindestens gleich wichtig ist, Janensch mit

681 3119 3142 288 seinem ausgezeichneten Verständnis u. Gedächtnis für

701 3300 3112 264 Formen einen ganz kleinen Ornithopoden erkannt

723 3442 3168 294 hat. Ich kann nur die Waffen strecken u. bekennen,

668 3638 3161 255 daß ich allein (freilich ohne alle Vorbereitung) nicht so

690 3845 1995 194 sachkundige Arbeit geleistet hätte.

842 3972 3069 242 27. Oct. Südgräben. Zu dem Schädel finden sich bereits

720 4197 1167 159 mehrere Halswirbel

872 4264 3020 231 28. Oct. Janensch auf mehrere Tage nach Mtapaia. Abds. Post.

890 4467 2265 179 29 " Kindope. Poscho-Zahlung.

309 4558 3510 238 Sonntag d. 30 " Morgens östl. gegen den Lipogiro am Mtapaia u.

787 4691 3090 217 Muyoya gejagt, ohne etwas zu sehen. Unser Jagdfüh„
