<?xml version="1.0" encoding="UTF-8"?>
<alto xmlns:xsi="http://www.w3.org/2001/XMLSchema-instance"
      xmlns="http://www.loc.gov/standards/alto/ns-v2#"
      xmlns:page="http://schema.primaresearch.org/PAGE/gts/pagecontent/2013-07-15"
      xsi:schemaLocation="http://www.loc.gov/standards/alto/ns-v2# http://www.loc.gov/standards/alto/alto.xsd">
   <Description>
      <MeasurementUnit>pixel</MeasurementUnit>
      <OCRProcessing ID="IdOcr">
         <ocrProcessingStep>
            <processingDateTime>2021-02-02T10:01:43.7+01:00</processingDateTime>
            <processingSoftware>
               <softwareCreator>READ COOP</softwareCreator>
               <softwareName>Transkribus</softwareName>
            </processingSoftware>
         </ocrProcessingStep>
      </OCRProcessing>
   </Description>
   <Layout>
      <Page ID="Page1" PHYSICAL_IMG_NR="1" HEIGHT="5213" WIDTH="4292">
         <TopMargin HEIGHT="0" WIDTH="4292" VPOS="0" HPOS="0"/>
         <LeftMargin HEIGHT="5213" WIDTH="0" VPOS="0" HPOS="0"/>
         <RightMargin HEIGHT="5213" WIDTH="0" VPOS="0" HPOS="4292"/>
         <BottomMargin HEIGHT="0" WIDTH="4292" VPOS="5213" HPOS="0"/>
         <PrintSpace HEIGHT="5213" WIDTH="4292" VPOS="0" HPOS="0">
            <TextBlock ID="TextRegion_1569574110129_634"
                       HEIGHT="4559"
                       WIDTH="3706"
                       VPOS="239"
                       HPOS="291">
               <Shape>
                  <Polygon POINTS="291,239 429,239 3997,335 3997,4798 495,4798 291,415"/>
               </Shape>
               <TextLine ID="r1l1"
                         BASELINE="390"
                         HEIGHT="168"
                         WIDTH="199"
                         VPOS="222"
                         HPOS="255">
                  <String ID="string_r1l1"
                          HEIGHT="168"
                          WIDTH="199"
                          VPOS="222"
                          HPOS="255"
                          CONTENT="118"/>
               </TextLine>
               <TextLine ID="r2l1"
                         BASELINE="524"
                         HEIGHT="233"
                         WIDTH="3405"
                         VPOS="291"
                         HPOS="484">
                  <String ID="string_r2l1"
                          HEIGHT="233"
                          WIDTH="3405"
                          VPOS="291"
                          HPOS="484"
                          CONTENT="Ein Zebra prächtig aus d. Nähe gesehen, hatte d. Büchse fertig in"/>
               </TextLine>
               <TextLine ID="r2l2"
                         BASELINE="689"
                         HEIGHT="270"
                         WIDTH="3246"
                         VPOS="419"
                         HPOS="492">
                  <String ID="string_r2l2"
                          HEIGHT="270"
                          WIDTH="3246"
                          VPOS="419"
                          HPOS="492"
                          CONTENT="d. Hand, wollte es aber nicht schießen; Sonst kein Tier,"/>
               </TextLine>
               <TextLine ID="r2l3"
                         BASELINE="851"
                         HEIGHT="286"
                         WIDTH="3409"
                         VPOS="565"
                         HPOS="505">
                  <String ID="string_r2l3"
                          HEIGHT="286"
                          WIDTH="3409"
                          VPOS="565"
                          HPOS="505"
                          CONTENT="nur frische Spuren, denen zu folgen mir keine Zeit blieb."/>
               </TextLine>
               <TextLine ID="r2l4"
                         BASELINE="979"
                         HEIGHT="244"
                         WIDTH="3430"
                         VPOS="735"
                         HPOS="474">
                  <String ID="string_r2l4"
                          HEIGHT="244"
                          WIDTH="3430"
                          VPOS="735"
                          HPOS="474"
                          CONTENT="Wie alle Tage sahen aber die nachfolgenden Träger vom"/>
               </TextLine>
               <TextLine ID="r2l5"
                         BASELINE="1099"
                         HEIGHT="201"
                         WIDTH="3361"
                         VPOS="898"
                         HPOS="515">
                  <String ID="string_r2l5"
                          HEIGHT="201"
                          WIDTH="3361"
                          VPOS="898"
                          HPOS="515"
                          CONTENT="Wege aus reichlich Wild, die zurückgebliebenen Weg-"/>
               </TextLine>
               <TextLine ID="r2l6"
                         BASELINE="1302"
                         HEIGHT="216"
                         WIDTH="3439"
                         VPOS="1086"
                         HPOS="507">
                  <String ID="string_r2l6"
                          HEIGHT="216"
                          WIDTH="3439"
                          VPOS="1086"
                          HPOS="507"
                          CONTENT="Arbeiter mußten sogar eines Nashorns wegen auf"/>
               </TextLine>
               <TextLine ID="r2l7"
                         BASELINE="1451"
                         HEIGHT="280"
                         WIDTH="3477"
                         VPOS="1171"
                         HPOS="495">
                  <String ID="string_r2l7"
                          HEIGHT="280"
                          WIDTH="3477"
                          VPOS="1171"
                          HPOS="495"
                          CONTENT="d. Bäume fliehen. Der Marsch auf d. neuen Wege durch"/>
               </TextLine>
               <TextLine ID="r2l8"
                         BASELINE="1621"
                         HEIGHT="253"
                         WIDTH="3405"
                         VPOS="1368"
                         HPOS="499">
                  <String ID="string_r2l8"
                          HEIGHT="253"
                          WIDTH="3405"
                          VPOS="1368"
                          HPOS="499"
                          CONTENT="die zaubrische Haide mit Blick auf Berge u. Gebirge"/>
               </TextLine>
               <TextLine ID="r2l9"
                         BASELINE="1747"
                         HEIGHT="187"
                         WIDTH="832"
                         VPOS="1560"
                         HPOS="518">
                  <String ID="string_r2l9"
                          HEIGHT="187"
                          WIDTH="832"
                          VPOS="1560"
                          HPOS="518"
                          CONTENT="wundervoll."/>
               </TextLine>
               <TextLine ID="r2l10"
                         BASELINE="1910"
                         HEIGHT="244"
                         WIDTH="3283"
                         VPOS="1666"
                         HPOS="717">
                  <String ID="string_r2l10"
                          HEIGHT="244"
                          WIDTH="3283"
                          VPOS="1666"
                          HPOS="717"
                          CONTENT="27.III. Rückmarsch nach Mikesse. Vorausgehend sah ich im"/>
               </TextLine>
               <TextLine ID="r2l11"
                         BASELINE="2100"
                         HEIGHT="276"
                         WIDTH="3409"
                         VPOS="1824"
                         HPOS="518">
                  <String ID="string_r2l11"
                          HEIGHT="276"
                          WIDTH="3409"
                          VPOS="1824"
                          HPOS="518"
                          CONTENT="Regen 2 Tiere aufspringen, die ich f. Ba Riedböcke hielt,"/>
               </TextLine>
               <TextLine ID="r2l12"
                         BASELINE="2235"
                         HEIGHT="225"
                         WIDTH="3460"
                         VPOS="2010"
                         HPOS="533">
                  <String ID="string_r2l12"
                          HEIGHT="225"
                          WIDTH="3460"
                          VPOS="2010"
                          HPOS="533"
                          CONTENT="sah aber beim Anlegen mit Sattler's Gewehr (Er u. Ali m."/>
               </TextLine>
               <TextLine ID="r2l13"
                         BASELINE="2422"
                         HEIGHT="287"
                         WIDTH="3477"
                         VPOS="2135"
                         HPOS="539">
                  <String ID="string_r2l13"
                          HEIGHT="287"
                          WIDTH="3477"
                          VPOS="2135"
                          HPOS="539"
                          CONTENT="d. meinigen waren noch nicht da) ein Kudu-Weibchen"/>
               </TextLine>
               <TextLine ID="r2l14"
                         BASELINE="2492"
                         HEIGHT="186"
                         WIDTH="3331"
                         VPOS="2306"
                         HPOS="564">
                  <String ID="string_r2l14"
                          HEIGHT="186"
                          WIDTH="3331"
                          VPOS="2306"
                          HPOS="564"
                          CONTENT="mit Jungem. Sie gingen ab, ich folgte allein u. hörte"/>
               </TextLine>
               <TextLine ID="r2l15"
                         BASELINE="2715"
                         HEIGHT="274"
                         WIDTH="3353"
                         VPOS="2441"
                         HPOS="550">
                  <String ID="string_r2l15"
                          HEIGHT="274"
                          WIDTH="3353"
                          VPOS="2441"
                          HPOS="550"
                          CONTENT="den Bock wiehern, sah auch mehrfach Tiere durch's Ge„"/>
               </TextLine>
               <TextLine ID="r2l16"
                         BASELINE="2881"
                         HEIGHT="256"
                         WIDTH="3301"
                         VPOS="2625"
                         HPOS="547">
                  <String ID="string_r2l16"
                          HEIGHT="256"
                          WIDTH="3301"
                          VPOS="2625"
                          HPOS="547"
                          CONTENT="büsch. Hätte ich mein Gewehr u. Begleiter gehabt, so"/>
               </TextLine>
               <TextLine ID="r2l17"
                         BASELINE="2980"
                         HEIGHT="221"
                         WIDTH="3306"
                         VPOS="2759"
                         HPOS="556">
                  <String ID="string_r2l17"
                          HEIGHT="221"
                          WIDTH="3306"
                          VPOS="2759"
                          HPOS="556"
                          CONTENT="wäre ich gefolgt. Verabreichte Ali einige Ohrfeigen"/>
               </TextLine>
               <TextLine ID="r2l18"
                         BASELINE="3168"
                         HEIGHT="224"
                         WIDTH="3349"
                         VPOS="2944"
                         HPOS="564">
                  <String ID="string_r2l18"
                          HEIGHT="224"
                          WIDTH="3349"
                          VPOS="2944"
                          HPOS="564"
                          CONTENT="wegen seiner Bummelei, worauf er trotzig wurde"/>
               </TextLine>
               <TextLine ID="r2l19"
                         BASELINE="3348"
                         HEIGHT="277"
                         WIDTH="3431"
                         VPOS="3071"
                         HPOS="579">
                  <String ID="string_r2l19"
                          HEIGHT="277"
                          WIDTH="3431"
                          VPOS="3071"
                          HPOS="579"
                          CONTENT="u. mein Gewehr an einen Baum lehnte, so daß es ein"/>
               </TextLine>
               <TextLine ID="r2l20"
                         BASELINE="3485"
                         HEIGHT="274"
                         WIDTH="3379"
                         VPOS="3211"
                         HPOS="605">
                  <String ID="string_r2l20"
                          HEIGHT="274"
                          WIDTH="3379"
                          VPOS="3211"
                          HPOS="605"
                          CONTENT="andrer an sich nahm. Dafür setzte es Nachm. im Lager"/>
               </TextLine>
               <TextLine ID="r2l21"
                         BASELINE="3678"
                         HEIGHT="224"
                         WIDTH="3318"
                         VPOS="3454"
                         HPOS="586">
                  <String ID="string_r2l21"
                          HEIGHT="224"
                          WIDTH="3318"
                          VPOS="3454"
                          HPOS="586"
                          CONTENT="Hiebe, ich ließ mich aber durch seine Bitten, wenn ich"/>
               </TextLine>
               <TextLine ID="r2l22"
                         BASELINE="3867"
                         HEIGHT="318"
                         WIDTH="3372"
                         VPOS="3549"
                         HPOS="586">
                  <String ID="string_r2l22"
                          HEIGHT="318"
                          WIDTH="3372"
                          VPOS="3549"
                          HPOS="586"
                          CONTENT="ihn auch äußerlich erbarmungslos zurückwies, soweit"/>
               </TextLine>
               <TextLine ID="r2l23"
                         BASELINE="4015"
                         HEIGHT="332"
                         WIDTH="3287"
                         VPOS="3683"
                         HPOS="575">
                  <String ID="string_r2l23"
                          HEIGHT="332"
                          WIDTH="3287"
                          VPOS="3683"
                          HPOS="575"
                          CONTENT="erweichen, daß ich ihn d. Hose anbehalten ließ u."/>
               </TextLine>
               <TextLine ID="r2l24"
                         BASELINE="4096"
                         HEIGHT="233"
                         WIDTH="3393"
                         VPOS="3863"
                         HPOS="570">
                  <String ID="string_r2l24"
                          HEIGHT="233"
                          WIDTH="3393"
                          VPOS="3863"
                          HPOS="570"
                          CONTENT="beim 10. Hieb Halt gebot. Sattler hatte vor einigen"/>
               </TextLine>
               <TextLine ID="r2l25"
                         BASELINE="4316"
                         HEIGHT="261"
                         WIDTH="3340"
                         VPOS="4055"
                         HPOS="596">
                  <String ID="string_r2l25"
                          HEIGHT="261"
                          WIDTH="3340"
                          VPOS="4055"
                          HPOS="596"
                          CONTENT="Tagen wegen einiger Vergeßlichkeiten 25 verab„"/>
               </TextLine>
               <TextLine ID="r2l26"
                         BASELINE="4515"
                         HEIGHT="310"
                         WIDTH="3320"
                         VPOS="4205"
                         HPOS="586">
                  <String ID="string_r2l26"
                          HEIGHT="310"
                          WIDTH="3320"
                          VPOS="4205"
                          HPOS="586"
                          CONTENT="reichen lassen. Ich möchte weniger Strafen bei Ver„"/>
               </TextLine>
               <TextLine ID="r2l27"
                         BASELINE="4682"
                         HEIGHT="255"
                         WIDTH="3435"
                         VPOS="4427"
                         HPOS="583">
                  <String ID="string_r2l27"
                          HEIGHT="255"
                          WIDTH="3435"
                          VPOS="4427"
                          HPOS="583"
                          CONTENT="gehen gegen mich u. die schärfste Strafe von 15 Hieben"/>
               </TextLine>
               <TextLine ID="line_1569574330080_639"
                         BASELINE="4870"
                         HEIGHT="281"
                         WIDTH="2778"
                         VPOS="4589"
                         HPOS="549">
                  <String ID="string_line_1569574330080_639"
                          HEIGHT="281"
                          WIDTH="2778"
                          VPOS="4589"
                          HPOS="549"
                          CONTENT="für Vergehen gegen Sitte oder Gesetz aufsparen."/>
               </TextLine>
            </TextBlock>
         </PrintSpace>
      </Page>
   </Layout>
</alto>
