4292 5213
3872 264 154 102 77

604 263 3268 159 Nachm. sollten wir zum Kaffee nochmals d. Offiziere

484 375 3266 239 besuchen, hatten aber Beide nicht übermäßig Lust u.

465 530 3520 252 wurden durch ein mächtiges Gewitter der Verlegenheit

481 714 3323 232 enthoben. Leider stürzte es uns in die andre, daß

489 869 3478 253 Alles unter Wasser geriet, fortgespült wurde u. ein

486 1019 3565 301 Strom sich durch mein Zelt ergoß; auch die Strohdächer

489 1221 2780 271 sind  solcher Übermacht nicht gewachsen.

725 1445 3170 241 14. Dez. D. Bescherung in d. Gräben besichtigt, geholfen, wo

527 1573 3392 262 zu helfen war. Ich auch in alten verlassenen Gräben des

547 1788 2738 212 Bolachikombe-Bachs u. s. w. Es geht noch grade so!

750 1927 3157 248 15 Dez. In Mtapaia neuen Graben in d. Trig-Schicht

564 2090 3209 280 besichtigt: überrascht durch einen nicht vollständigen,

524 2282 3473 258 aber soweit erhalten, ungestörten großen Saurier: Schulter„

571 2455 3310 264 blatt, Oberarm, Rippen, ganzes Becken, Schwanz, Hals.

743 2685 3120 194 Auf d. Hinwege Barappispuren verfolgt, ohne etwas zu sehen,

563 2875 3146 170 leider zum Schluß wieder ein Mbawala angeschossen u.

602 3028 3031 178 alles Suchen umsonst. Hier alles im herrlichen Grün.

644 3175 3249 202 Gräben westl. vom Karani besorgt. Nach Kijenjere nicht mehr

636 3364 2997 146 gekommen. Von 1-3 Regen, anfangs ziemlich heftig.

671 3506 2934 189 Um 3 zurück, nochmals Barappis gesucht, aber alle

592 3700 1899 149 Spuren verspült, nichts gesehen.

723 3852 3150 177 16 Dez. Morgens in Kindope. Um 9 zurück, Herrn Schultze

592 4021 3166 164 von der D. O. A. G. bereits angetroffen, ein mir

625 4175 3210 165 außerordentlicher lieber Besuch. Abends Spazierweg

644 4392 642 119 am Berge.

680 4521 3344 125 17. Dez. M. Hrn. Sch. in Kindope, dann hinab in's Mbenkuru-

675 4670 3288 162 Tal u. über Doanika zurück. Nichts von Wild. Wieder sonnig,
