4292 5213
277 334 196 124 12

638 311 3369 154 30 Mai: Morgens am Kitukituki-Graben in Oel begonnen.

475 440 3464 171 Danach zu einigen Gräben, erfahre, ein Europäer sei ange„

433 583 3285 184 kommen u. begebe mich nach Haus. Bischof Greiner auf

451 724 3544 181 Inspektionsreise von Kilwa-Matumbi nach Lukuledi-Tal einen

451 881 3496 185 Tag bei uns. Freundlicher natürlicher Mann mit gesunden

431 1031 3304 181 naturwissensch. Interessen. Besichtigt mehrere Gräben u.

463 1171 3386 215 bringt einen Saurierknochen-Splitter von Mbate nördl.

475 1339 3379 184 des Mbalawala mit. Es wird nachgrade unheimlich.

586 481 2954 186 31. Mai: Bischof Greiner abgereist. Etwas am Graben

517 1650 3348 198 gepinselt, dann zu d. andern Gräben. Der Monat hat

515 1817 3270 206 recht erfreuliche Resultate (ca 100 Lasten brauchbaren

503 2048 1207 135 Materials) gebracht.

827 2179 3128 160 Nachmittag: Lohnzahlung. Abds. Zeitschr. d. geogr. Ges.

499 2332 2458 170 Nachricht vom Tode d. Königs von England.

689 2530 3246 193 1. Juni: Morgens über Doanika-Kindope u. viele

563 2687 3370 201 Gräben durch's Pori auf Jagdstreife. Das Gras ist wahn„

543 2845 3444 173 sinnig. Ein kl. Tierchen entsprang, sonst nichts zu sehen.

631 3035 3329 245 3. Juni: Abends, als ich schon im Zelt war, um zu Bett zu gehen,

572 3292 875 146 Ankunft der Post.

598 3374 3305 253 4. Juni. Um f. Kaiser's Besuch einen Braten zu fassen, am

532 3528 3433 271 Maimbwi u. auf d. Lipugiro 5 Stunden gejagt. Nicht das geringste

562 3686 3303 269 zu sehen u. bis auf d. Stechfliegen trotzdem schöner Spazier„

580 3847 3309 263 gang. Besichtigte freilich nur noch d. Gräben, an denen ich

578 4042 1637 218 auf d. Rückwege vorbei kam.

573 4087 3218 334 Sonntag d. 5. Juni: Vorm. Abermals nach Maimbwi u.

547 4338 3378 285 Lipugiro auf Jagd, ohne etwas zu sehen. Erwartete Kaiser

537 4541 3372 237 dann 1 gute Stunde vor d. Lager u. begleitete ihn nach

589 4736 3268 184 Haus. Mit ihm nur gegen Abend zu einigen Arbeitsplätzen
