4292 5214
3881 310 111 50 3

343 387 3699 113 tet hat, u. auf unsern lieben Aussichtspunkt. Gegen Abend

383 564 3565 109 gab's dann noch reichlich Ablöhnungen, Anwerbungen,

388 729 1306 117 Poscho-Zahlungen.

743 916 3167 149 2. Mai. Die 15 Mann, die in d. Regenzeit hier ge„

463 1081 3472 121 blieben sind, zum Holzfällen ausgeschickt, um gleich

459 1227 3336 127 mit d. Hausbau beginnen zu können. Alle andern

457 1358 3584 154 haben einen Tag Urlaub. Alte Gräben u. Knochenstellen

435 1515 3623 142 besichtigt. Bin erstaunt zu sehen, daß d. Regen eigent„

440 1667 3555 172 lich spurlos vorübergegangen ist. Die Erosion, wenn auch

469 1824 3296 180 am Noto-Abhang deutlich erkennbar, ist hier fast

477 2003 3472 153 gleich Null. Auch die unverpackt gebliebenen Sachen

483 2134 3438 208 sehr gut erhalten. Herrlicher Morgen, kühl u. sonnig,

472 2301 2051 192 vollständiges Trockenheitswetter.

716 2485 3124 171 3. Mai. Täglich neue Arbeiter, heut schon über 100. Ver„

513 2600 3260 203 bindungsgraben bei Skelett E, schon von Boheti begonnen,

491 2812 1389 112 in Angriff genommen.

1115 2873 727 80 (außerdem bei Skel. B.)

1880 2737 1880 125 Ich Jagd-Inspektions-Ausflug nach

511 2872 3392 226 Mtapaia, so weit niedriges Gras steht. Ohne jedes Ergebnis.

558 3087 2691 181 Abend desgl. nach dem Wege zum Maimbwi

3330 2977 694 66 Vorher Kima, den wir

3343 3055 676 66 munter vorfanden

3099 3129 940 76 stirbt schnell an Schwindsucht.

649 3218 3170 191 4 Mai. Zwei im Vorjahr vermerkte neue Stellen in

517 3378 3272 209 Angriff genommen, unweit Skelett D u. am Fußwege

472 3546 2908 221 nach Kindope. Morg. 8h 16°,mitt. 12h 28° im Schatten.

656 3694 3247 209 5. Mai. Erster Knochenfund im Graben nahe Skelett B, anschei„

598 3827 3241 205 nend vom Becken. Etwas wolkig, nachm. fast regendrohend u.

575 3982 3390 216 schwüler. Haus abgesteckt. Abds. Jenseits des Mtapaia vergeb„

614 4120 3385 236 lich auf Wild gefahndet. Bau des neuen Lagers hat begonnen.

616 4285 3119 216 Erfahre allerhand Interessantes von meinen Begleitern:

729 4429 3348 206 Vor allem meinen Irrtum, daß sich Wamuera u. Wandonde

519 4588 3478 212 besonders nahe ständen. Kingoni u. Kindonde sollen beiden
