4292 5213
3785 280 164 104 87

441 282 3344 139 Sonntag d. 8. Januar. Eßvorräte verpackt. Kartenzeichnen.

441 430 2906 190 Geographika. Wieder sehr heiß u. trocken.

599 593 3220 203 Das wären jetzt so schöne Tage allein für private

483 762 3440 163 Beschäftigung oder auch nur zum Malen, aber es sind

467 934 3456 153 zuviel kleine Dinge zu erledigen, wenn ich nur bis

486 1094 1467 158 Dienstag fertig werde!

738 1215 3127 242 9. Januar: Auch heut trocken u. warm, wenn auch d.

462 1367 3502 265 Sonne zeitweilig mittags bedeckt. Abends wieder ganz

517 1521 3314 268 klar, nur im SW ein fernes Gewitter. Hätte gern noch

515 1680 3388 271 d. Profil Nangulure-Namundo abgeklopft vom Gneiß bis

523 1852 3286 268 auf d. Makonde-Plateauhöhen, aber für einen Tag ist es

564 2045 3422 234 zu weit, an Routenaufnehmen u. Fossiliensuchen garnicht

545 2208 3234 227 zu denken; vor allem bin ich aber hier voll in An„

565 2395 2376 186 spruch genommen, auch morgen noch.

647 2532 3157 247 10. Januar: In eifriger Tagesarbeit lichtet es sich, ich

543 2691 3196 258 bin soweit fertig, daß ich morgen abrücken kann.

525 2851 3206 234 Einige Arbeit für die nächsten Tage, die ich noch angebe,

545 2996 3392 226 erfordert meine Anwesenheit nicht u. unsere Leute

563 3138 3398 228 sind gut. Wenigstens glaube ich mit aller Gewißheit

524 3293 3422 229 sagen zu können, wie es hier ohne uns zugehen wird,

556 3485 2149 195 u. das nenne ich Zuverlässigkeit.

689 3612 3182 234 Nur nachmittags wenige harmlose Tropfen auf Au„

552 3792 3277 224 genblicke, aber vielfach bewölkt. Die Ernte könnte all„

563 3977 1958 175 mählich in Gefahr kommen.

762 4169 2574 171 Vielleicht der letzte Tag am Tendaguru? Zu

3351 4101 248 81 seinem

3336 4187 518 120 Genuß

555 4357 3232 167 bin ich nicht gekommen, aber wer fragt danach.
