4292 5213
3871 259 94 59 81

490 302 3412 118 Sonntag d. 25. Dez: Janensch hat natürlich die Post bis zum

525 478 3479 68 letzten Augenblick verschoben, der Bote kommt erst nachm.

531 563 3141 163 fort. Regen, doch nicht das, was man in Europa

549 715 1542 192 „schlechtes Wetter“ nennt.

786 873 3187 215 26. Dez. Lasten abgesandt, in Graben X (Stegosaurier-Pha„

554 1083 1089 153 langen) abgeschlossen.

764 1141 3303 258 27. Dez. Um die „Tendag.-Stufe“ u. einen vorige Pfingsten (1909)

633 1305 3330 273 gesehenen Fossilfundort nochmals zu besichtigen, vom Lager

575 1485 3224 261 ostwärts bis zum Lipogiro-Zuge, an dessen höchster Stelle ich

571 1634 3432 257 ein gutes Profil fand, leider die einzige Ausbeute des

594 1912 600 155 Ausflugs:

1384 1817 2669 143 Sandsteine, mürbe, doch fast genug um Steilabsturz zu bilden.

1372 1938 2699 142 Lage der groben Gerölle, die weiter südlich d. Boden bedecken.

1382 2061 2323 145 Sandsteine, wie oben, von etwas andrer Färbung.

1366 2217 835 134 „Tendaguru-Stufe“

723 2324 3270 283 Danach könnte das Ganze einfach ein stehen gebliebener

719 2485 3358 261 Teil der über d. Tendag.-Stufe folgenden Makonde-Schichten

679 2647 3152 249 sein. Auffallend in hohem Grade ist aber die Gerölllage,

675 2811 3322 244 über die ich mich nicht zu täuschen glaube, da die groben Gerölle

673 2967 3384 236 von einer bestimmten Höhe ab ringsum den Abhang bedeck„

689 3127 3146 226 ten wie sonst wohl die Oberfläche, die hier vollkommen

693 3293 3318 216 frei blieb. Da die Stücke bereits hier wohlgerundet erschie„

696 3438 3118 222 nen müssen sie m. E. als Flußablagerung (bezw. Delta-

654 3617 3095 186 Mündung?) aufgefaßt werden, fragt sich nur, ob im

655 3777 3024 164 regelmäßigen Verbande der Makonde-Sch. oder als

639 3930 3292 161 pluviatile Ablagerung bei der Abtragung der Plateaus.

648 4085 3074 150 Ich habe bisher meist feste grobe Konglomerate (rote

614 4253 3174 228 „Nkanga-Sandsteine‟) in dieser Lage gefunden, deren

603 4433 3165 161 Korn auch nicht ganz so groß ist, u. die mir dasselbe

605 4595 3384 156 Rätsel aufgeben, nämlich daß sie anscheinend „Newala-Sandst.“

590 4748 3303 163 also ein jüngeres Gebilde enthielten, im übrigen meist Quarz.

254 2646 218 62 ,

314 2769 254 63 jung?
