<?xml version="1.0" encoding="UTF-8"?>
<alto xmlns:xsi="http://www.w3.org/2001/XMLSchema-instance"
      xmlns="http://www.loc.gov/standards/alto/ns-v2#"
      xmlns:page="http://schema.primaresearch.org/PAGE/gts/pagecontent/2013-07-15"
      xsi:schemaLocation="http://www.loc.gov/standards/alto/ns-v2# http://www.loc.gov/standards/alto/alto.xsd">
   <Description>
      <MeasurementUnit>pixel</MeasurementUnit>
      <OCRProcessing ID="IdOcr">
         <ocrProcessingStep>
            <processingDateTime>2021-02-02T10:01:48.448+01:00</processingDateTime>
            <processingSoftware>
               <softwareCreator>READ COOP</softwareCreator>
               <softwareName>Transkribus</softwareName>
            </processingSoftware>
         </ocrProcessingStep>
      </OCRProcessing>
   </Description>
   <Layout>
      <Page ID="Page1" PHYSICAL_IMG_NR="1" HEIGHT="5213" WIDTH="4292">
         <TopMargin HEIGHT="0" WIDTH="4292" VPOS="0" HPOS="0"/>
         <LeftMargin HEIGHT="5213" WIDTH="0" VPOS="0" HPOS="0"/>
         <RightMargin HEIGHT="5213" WIDTH="0" VPOS="0" HPOS="4292"/>
         <BottomMargin HEIGHT="0" WIDTH="4292" VPOS="5213" HPOS="0"/>
         <PrintSpace HEIGHT="5213" WIDTH="4292" VPOS="0" HPOS="0">
            <TextBlock ID="r4" HEIGHT="4686" WIDTH="3749" VPOS="220" HPOS="282">
               <Shape>
                  <Polygon POINTS="282,220 282,4906 4031,4906 4031,220"/>
               </Shape>
               <TextLine ID="r4l2"
                         BASELINE="372"
                         HEIGHT="146"
                         WIDTH="182"
                         VPOS="226"
                         HPOS="3810">
                  <String ID="string_r4l2"
                          HEIGHT="146"
                          WIDTH="182"
                          VPOS="226"
                          HPOS="3810"
                          CONTENT="131"/>
               </TextLine>
               <TextLine ID="r4l1"
                         BASELINE="371"
                         HEIGHT="190"
                         WIDTH="411"
                         VPOS="181"
                         HPOS="255">
                  <String ID="string_r4l1"
                          HEIGHT="190"
                          WIDTH="411"
                          VPOS="181"
                          HPOS="255"
                          CONTENT="Sonntag"/>
               </TextLine>
               <TextLine ID="r4l3"
                         BASELINE="490"
                         HEIGHT="196"
                         WIDTH="3483"
                         VPOS="294"
                         HPOS="418">
                  <String ID="string_r4l3"
                          HEIGHT="196"
                          WIDTH="3483"
                          VPOS="294"
                          HPOS="418"
                          CONTENT="23. April: Bahn aufwärts gefolgt bis 119,9, Kinkelin-Graben im"/>
               </TextLine>
               <TextLine ID="r4l4"
                         BASELINE="636"
                         HEIGHT="253"
                         WIDTH="3407"
                         VPOS="383"
                         HPOS="537">
                  <String ID="string_r4l4"
                          HEIGHT="253"
                          WIDTH="3407"
                          VPOS="383"
                          HPOS="537"
                          CONTENT="Grase nicht gefunden. Meine Leute haben gestern nur bei 121 (,7?)"/>
               </TextLine>
               <TextLine ID="r4l5"
                         BASELINE="788"
                         HEIGHT="257"
                         WIDTH="3482"
                         VPOS="531"
                         HPOS="519">
                  <String ID="string_r4l5"
                          HEIGHT="257"
                          WIDTH="3482"
                          VPOS="531"
                          HPOS="519"
                          CONTENT="geschlagen, konnte aber nicht mehr hinkommen, hab's auch wohl"/>
               </TextLine>
               <TextLine ID="r4l6"
                         BASELINE="889"
                         HEIGHT="222"
                         WIDTH="3309"
                         VPOS="667"
                         HPOS="507">
                  <String ID="string_r4l6"
                          HEIGHT="222"
                          WIDTH="3309"
                          VPOS="667"
                          HPOS="507"
                          CONTENT="vor'm Jahr nicht übersehen. Bahnprofil bis 114, von 116,5 ab"/>
               </TextLine>
               <TextLine ID="r4l7"
                         BASELINE="1083"
                         HEIGHT="271"
                         WIDTH="3314"
                         VPOS="812"
                         HPOS="492">
                  <String ID="string_r4l7"
                          HEIGHT="271"
                          WIDTH="3314"
                          VPOS="812"
                          HPOS="492"
                          CONTENT="vielfach würflig brechende blaugraue Mergel in ziemlich"/>
               </TextLine>
               <TextLine ID="r4l8"
                         BASELINE="1183"
                         HEIGHT="215"
                         WIDTH="3586"
                         VPOS="968"
                         HPOS="506">
                  <String ID="string_r4l8"
                          HEIGHT="215"
                          WIDTH="3586"
                          VPOS="968"
                          HPOS="506"
                          CONTENT="dünnen Lagen (Maximum ca 1 m.), vollständig wie Saurier„"/>
               </TextLine>
               <TextLine ID="r4l9"
                         BASELINE="1431"
                         HEIGHT="268"
                         WIDTH="3377"
                         VPOS="1163"
                         HPOS="515">
                  <String ID="string_r4l9"
                          HEIGHT="268"
                          WIDTH="3377"
                          VPOS="1163"
                          HPOS="515"
                          CONTENT="schichten, auch dazwischen lagernde Sandsteine ließen sich"/>
               </TextLine>
               <TextLine ID="r4l10"
                         BASELINE="1545"
                         HEIGHT="199"
                         WIDTH="3198"
                         VPOS="1346"
                         HPOS="521">
                  <String ID="string_r4l10"
                          HEIGHT="199"
                          WIDTH="3198"
                          VPOS="1346"
                          HPOS="521"
                          CONTENT="identifizieren. Leider von der prächtigen Stelle bei"/>
               </TextLine>
               <TextLine ID="r4l11"
                         BASELINE="1690"
                         HEIGHT="197"
                         WIDTH="3236"
                         VPOS="1493"
                         HPOS="528">
                  <String ID="string_r4l11"
                          HEIGHT="197"
                          WIDTH="3236"
                          VPOS="1493"
                          HPOS="528"
                          CONTENT="119,2-3 (Schnecken u. Muscheln mit vorzügl. Schalen) abwärts"/>
               </TextLine>
               <TextLine ID="r4l12"
                         BASELINE="1915"
                         HEIGHT="265"
                         WIDTH="3382"
                         VPOS="1650"
                         HPOS="504">
                  <String ID="string_r4l12"
                          HEIGHT="265"
                          WIDTH="3382"
                          VPOS="1650"
                          HPOS="504"
                          CONTENT="kein einziges Fossil mehr zu finden. Daher Kreide viel„"/>
               </TextLine>
               <TextLine ID="r4l13"
                         BASELINE="2079"
                         HEIGHT="269"
                         WIDTH="3232"
                         VPOS="1810"
                         HPOS="514">
                  <String ID="string_r4l13"
                          HEIGHT="269"
                          WIDTH="3232"
                          VPOS="1810"
                          HPOS="514"
                          CONTENT="leicht schwer feststellbar. Jedenfalls von Ngerengere ab"/>
               </TextLine>
               <TextLine ID="r4l14"
                         BASELINE="2244"
                         HEIGHT="279"
                         WIDTH="2908"
                         VPOS="1965"
                         HPOS="526">
                  <String ID="string_r4l14"
                          HEIGHT="279"
                          WIDTH="2908"
                          VPOS="1965"
                          HPOS="526"
                          CONTENT="ununterbrochene Schichtenfolge, keine Transgression!"/>
               </TextLine>
               <TextLine ID="r4l15"
                         BASELINE="2395"
                         HEIGHT="268"
                         WIDTH="3063"
                         VPOS="2127"
                         HPOS="629">
                  <String ID="string_r4l15"
                          HEIGHT="268"
                          WIDTH="3063"
                          VPOS="2127"
                          HPOS="629"
                          CONTENT="Kaum im Lager, begann tüchtiger Regen, sodaß kein"/>
               </TextLine>
               <TextLine ID="r4l16"
                         BASELINE="2543"
                         HEIGHT="263"
                         WIDTH="2072"
                         VPOS="2280"
                         HPOS="538">
                  <String ID="string_r4l16"
                          HEIGHT="263"
                          WIDTH="2072"
                          VPOS="2280"
                          HPOS="538"
                          CONTENT="Nachmittagsausflug. Brief an Mama."/>
               </TextLine>
               <TextLine ID="r4l17"
                         BASELINE="2691"
                         HEIGHT="250"
                         WIDTH="3480"
                         VPOS="2441"
                         HPOS="407">
                  <String ID="string_r4l17"
                          HEIGHT="250"
                          WIDTH="3480"
                          VPOS="2441"
                          HPOS="407"
                          CONTENT="24. April: Morgens etwas Regen. Fossilien signiert u. verpackt."/>
               </TextLine>
               <TextLine ID="r4l18"
                         BASELINE="2812"
                         HEIGHT="215"
                         WIDTH="3384"
                         VPOS="2597"
                         HPOS="519">
                  <String ID="string_r4l18"
                          HEIGHT="215"
                          WIDTH="3384"
                          VPOS="2597"
                          HPOS="519"
                          CONTENT="Dann kleiner Ausflug südl. d. Bahn u. nochmals von 116,2-"/>
               </TextLine>
               <TextLine ID="r4l19"
                         BASELINE="2979"
                         HEIGHT="253"
                         WIDTH="3342"
                         VPOS="2726"
                         HPOS="498">
                  <String ID="string_r4l19"
                          HEIGHT="253"
                          WIDTH="3342"
                          VPOS="2726"
                          HPOS="498"
                          CONTENT="114 Fossilien gesucht. Leider vergeblich. Auf d. Wegen u. in d."/>
               </TextLine>
               <TextLine ID="r4l20"
                         BASELINE="3128"
                         HEIGHT="224"
                         WIDTH="3304"
                         VPOS="2904"
                         HPOS="493">
                  <String ID="string_r4l20"
                          HEIGHT="224"
                          WIDTH="3304"
                          VPOS="2904"
                          HPOS="493"
                          CONTENT="Schamben sind im Sandboden nur an wenigen Stellen"/>
               </TextLine>
               <TextLine ID="r4l21"
                         BASELINE="3327"
                         HEIGHT="281"
                         WIDTH="3321"
                         VPOS="3046"
                         HPOS="497">
                  <String ID="string_r4l21"
                          HEIGHT="281"
                          WIDTH="3321"
                          VPOS="3046"
                          HPOS="497"
                          CONTENT="hellgraue Kalkbrocken aufzufinden, wie sie auch nahe 116"/>
               </TextLine>
               <TextLine ID="r4l22"
                         BASELINE="3475"
                         HEIGHT="315"
                         WIDTH="3383"
                         VPOS="3160"
                         HPOS="492">
                  <String ID="string_r4l22"
                          HEIGHT="315"
                          WIDTH="3383"
                          VPOS="3160"
                          HPOS="492"
                          CONTENT="in d. Schichtenfolge vorkommen. Außerdem mehrfach grobe"/>
               </TextLine>
               <TextLine ID="line_1570014788232_290"
                         BASELINE="3664"
                         HEIGHT="296"
                         WIDTH="2403"
                         VPOS="3368"
                         HPOS="477">
                  <String ID="string_line_1570014788232_290"
                          HEIGHT="296"
                          WIDTH="2403"
                          VPOS="3368"
                          HPOS="477"
                          CONTENT="Kiese, darunter auch Sandsteingerölle, also"/>
               </TextLine>
               <TextLine ID="line_1570014777139_283"
                         BASELINE="3417"
                         HEIGHT="52"
                         WIDTH="176"
                         VPOS="3365"
                         HPOS="2858">
                  <String ID="string_line_1570014777139_283"
                          HEIGHT="52"
                          WIDTH="176"
                          VPOS="3365"
                          HPOS="2858"
                          CONTENT="wohl"/>
               </TextLine>
               <TextLine ID="line_1570014788232_289"
                         BASELINE="3583"
                         HEIGHT="273"
                         WIDTH="1043"
                         VPOS="3310"
                         HPOS="2880">
                  <String ID="string_line_1570014788232_289"
                          HEIGHT="273"
                          WIDTH="1043"
                          VPOS="3310"
                          HPOS="2880"
                          CONTENT="nicht Restbestände"/>
               </TextLine>
               <TextLine ID="r4l24"
                         BASELINE="3817"
                         HEIGHT="263"
                         WIDTH="3405"
                         VPOS="3554"
                         HPOS="521">
                  <String ID="string_r4l24"
                          HEIGHT="263"
                          WIDTH="3405"
                          VPOS="3554"
                          HPOS="521"
                          CONTENT="aus Jura-Konglomeraten, sondern junge Bildungen. Doch"/>
               </TextLine>
               <TextLine ID="r4l25"
                         BASELINE="3971"
                         HEIGHT="239"
                         WIDTH="3482"
                         VPOS="3732"
                         HPOS="509">
                  <String ID="string_r4l25"
                          HEIGHT="239"
                          WIDTH="3482"
                          VPOS="3732"
                          HPOS="509"
                          CONTENT="finde ich in all den Tagen nicht ein einziges Newala-"/>
               </TextLine>
               <TextLine ID="r4l26"
                         BASELINE="4105"
                         HEIGHT="251"
                         WIDTH="3499"
                         VPOS="3854"
                         HPOS="520">
                  <String ID="string_r4l26"
                          HEIGHT="251"
                          WIDTH="3499"
                          VPOS="3854"
                          HPOS="520"
                          CONTENT="Sandstein-Geröll. Natürlich bleibt Bornhardt's Beobachtung"/>
               </TextLine>
               <TextLine ID="r4l27"
                         BASELINE="4322"
                         HEIGHT="212"
                         WIDTH="3306"
                         VPOS="4110"
                         HPOS="484">
                  <String ID="string_r4l27"
                          HEIGHT="212"
                          WIDTH="3306"
                          VPOS="4110"
                          HPOS="484"
                          CONTENT="bestehen, doch kann ich seine „Mikindani-Schichten“ auch"/>
               </TextLine>
               <TextLine ID="r4l28"
                         BASELINE="4520"
                         HEIGHT="282"
                         WIDTH="3471"
                         VPOS="4238"
                         HPOS="481">
                  <String ID="string_r4l28"
                          HEIGHT="282"
                          WIDTH="3471"
                          VPOS="4238"
                          HPOS="481"
                          CONTENT="hier nicht als Lösung des Problems empfinden, obwohl"/>
               </TextLine>
               <TextLine ID="r4l29"
                         BASELINE="4690"
                         HEIGHT="310"
                         WIDTH="3366"
                         VPOS="4380"
                         HPOS="455">
                  <String ID="string_r4l29"
                          HEIGHT="310"
                          WIDTH="3366"
                          VPOS="4380"
                          HPOS="455"
                          CONTENT="ich keine bessere  weiß (fluviatil kaum wegen großer"/>
               </TextLine>
               <TextLine ID="r4l30"
                         BASELINE="4841"
                         HEIGHT="238"
                         WIDTH="819"
                         VPOS="4603"
                         HPOS="478">
                  <String ID="string_r4l30"
                          HEIGHT="238"
                          WIDTH="819"
                          VPOS="4603"
                          HPOS="478"
                          CONTENT="Ausbreitung)"/>
               </TextLine>
               <TextLine ID="r4l31"
                         BASELINE="4973"
                         HEIGHT="272"
                         WIDTH="3147"
                         VPOS="4701"
                         HPOS="647">
                  <String ID="string_r4l31"
                          HEIGHT="272"
                          WIDTH="3147"
                          VPOS="4701"
                          HPOS="647"
                          CONTENT="Hier wie auch in Ukhwere bewundere ich vielfach die"/>
               </TextLine>
            </TextBlock>
         </PrintSpace>
      </Page>
   </Layout>
</alto>
