4292 5213
273 322 114 61 26

628 327 3121 218 Schuß, nachdem ich es noch photogr. hatte, ging fehl,

568 531 3184 227 da rasselte es u. alle Stacheln stellten sich auf, ein

555 675 3200 258 ganz eigenartiges Bild, wahrlich wir brauchen nicht

555 872 3261 252 in d. Vorzeit zu suchen, u. aus d. Skelett machen

581 1039 3129 253 wir uns doch kein richtiges, vollständiges Bild!

578 1180 2979 270 Nach d. 2.ten Schuß legte es sich, während der

552 1341 3059 271 Schwanz laut rasselte u. schnell sprang einer

547 1516 3174 312 hinzu, d. begehrte Wildpret zu schächten. Vorher

509 1715 3350 278 standen Alle in respektvoller Entfernung u. warnten

545 1894 3328 248 mich: es schleudere Stacheln u. tötete selbst Löwen.

558 2068 3044 247 Ich verlangte Augenzeugen u. blieb diesmal im

535 2227 3231 255 Widerstreit Theorie-Erfahrung skeptisch zu Gunsten

547 2500 772 156 der ersteren.

792 2600 3115 183 Janensch zieht nach Mtapaia. Ich wieder wohlauf.

621 2828 3210 203 14 Juli: Nachm. Zwischenpost erhalten u. an Janensch

616 2965 3205 223 geschickt. Morgens durch die nunmehr abgebrannten

559 3134 3310 237 „alten Schamben“, sah Schwein, Ngorombwe, Buschbock, ohne

556 3288 3163 242 zum Schuß zu kommen. In Kindope zu graben begonnen.

513 3464 3358 253 15 Juli: Wieder in d. Schamben, nichts. Nachm. Janensch

592 3591 3313 294 zurück. Hauptpost. In Ubolelo zu graben begonnen.

651 3840 2354 202 16. Juli: Einpacker-Arbeiten. Nachm. Poscho.

525 3995 3404 289 Sonntag d. 17. Juli: Ging über den Mtapa, jenseits prächtiges

495 4199 3250 267 Jagdrevier gut gebrannt, aber kein Wild. Schoß 2

508 4377 3359 261 Tauben für meine Begleiter. Ganzen Tag Zeitun„

494 4606 3183 189 gen gelesen, leider: D. Sonntag ist viel zu schade

538 4797 2678 112 dafür! Abds. entwickelt m. leidlichem Erfolge.
