4292 5213
267 281 119 71 58

419 287 3510 181 schwarzen Ameisen erfüllt, von denen ein starker Heereszug

408 410 3505 218 vorüberkam. Als ich sie mit etwas Wasser vertrieb, zogen sie

494 563 3376 184 unter deutlichem Gesurr u. Gezische ab. Bis zur Plateaukante in

460 688 3448 214 ziemlicher Finsternis, auch hier der sonst sichtbare Tendag. noch nicht

479 819 3403 225 erkennbar, zumal in d. Tiefe stellenweis Nebel lag. Am Wege

445 950 3417 250 sehr bald unter der Höhe ein Zeichen, daß der Weg zu einem

480 1137 3389 204 uns früher gemeldeten Knochenfund abzweige. Es war mir nicht

444 1316 3424 198 um die Knochen, aber um ihre Einfügung in's Gesamtprofil zu

474 1485 3402 177 tun, ich mußte also den Umweg machen u. fand von oben nach

468 1727 397 102 unten:

1225 1667 1652 127 Plateaurand bei Barom. 727 mm.

867 1784 1889 171 Tiefere deutliche Kante „ „ 732 „

2970 1695 891 109 } Diff. 60 m. (22°C)

579 1969 1310 91 Mergel wie Saurierschichten, übersät

234 2057 1313 136 („4. Stufe“) m. Newala-Sandst. u. grobem

1398 2052 192 49 roten

1547 1972 1183 176 Konglomerat „ „ 735 „

2959 1888 564 112 } „ 30 „

531 2199 1489 133 Auf diesem sehr sanft abwärts (lang vor„

599 2260 2134 196 geschobener Rücken: „Nase‟) bis „ 738 „

2942 2173 589 121 } „ 30 „

732 2435 1991 153 Weißer fester Sandstein „ „ 744 „

1207 2559 860 94 (Tendaguru-Horizont?)

2944 2395 548 111 } „ 70 „

604 2650 1294 109 Abermals Sauriermergel

1225 2623 1565 226 (3. Stufe?) „ „ 745-747 „

2968 2571 557 110 } „ 10-30 „

409 2853 3490 247 Hier stand die Hütte des Knochenfinders, leider war sie leer u. sonst

428 3007 3404 242 niemand in d. Nähe. Mein Führer wußte nur, daß d. Knochen

436 3169 3509 227 nahe dabei u. zwar anscheinend etwas höher als d. Haus (747 mm)

431 3330 3450 205 lägen, aber das genügte. Der Mahimira-Berg, eine deutliche

420 3466 3432 233 Landmarke, auf den ich von oben herabgesehen hatte, lag jetzt

444 3652 3274 172 zweifellos höher. Ich konstatierte auf ihm nach ca. 2 Std.

448 3822 1867 135 einen Barometerstand von 739 mm

2283 3746 510 50 (bei 28° C um (8 ½h))

2315 3767 1434 106 u. anstehendes rotes Konglo„

457 3878 3356 229 merat, unter dem dann fossilführend der Tendaguru-Horiz. (mit

461 4197 621 70 Ammoniten

1070 4078 250 77 747 mm

1082 4076 2196 154 , dann Saurierschicht (mit Knochenfund)

3288 4023 116 42 749 mm

3278 4067 519 42 und end„

492 4200 3437 251 lich der Oolith des Mtshingiri (oberster Trigonien-Horizont) folgten, eine

475 4376 3436 217 mit dem Befund beim Tendag. u. Namunda sehr wohl über„

481 4574 1567 170 einstimmende Schichtenfolge.

683 4747 3167 145 Einstweilen führte ein schmaler Pfad weiter abwärts an
