4292 5213
3753 222 227 167 149

453 251 3594 299 die jungen gelbrötlichen Lipogiro-Sande auch hier überall unmittel„

461 445 2185 252 bar darauf, also mit abgesunken???

653 596 3095 244 Abends auf rechtem Mbenkuru-Ufer gejagt, einen

470 744 3473 199 schönen Wasserbock schwer angeschossen, der dann in das fürch„

459 881 3349 192 terliche Elephantengras abging, wohin ich ihm folgte. Mußte aber

468 1023 3371 264 nach Sonnenuntergang abstehen, zumal es auch Büffel zu geben

517 1208 3283 244 schien, denen ich in diesem Speergewirr nicht zu begegnen

512 1312 3279 205 wünschte. Dabei war das Feuer bereits eingedrungen!

762 1478 3053 202 15.VII. Früh auf d. Marsche d. Knochenfunde besichtigt,

524 1643 3237 212 wenig berühmt, aber als Vorkommen interessant. Ein

474 1844 3586 170 Stück auf d. Wege der Safari 1909 über Kikundi u. Mikonyera,

496 1966 3504 234 die fast nach W (!!!) fließen in den Rest des alten großen Sees

500 2140 3404 238 Makangaga, der vom Mbenkuru angeblich nicht mehr be„

557 2312 3367 235 rührt wird. Zu sehen ist ja absolut nichts. Übrigens erin„

505 2484 3372 219 nerten sich gestern einige hier Ansässige des Erdbebens

492 2723 3288 137 vom 13. Dez. 1910, das am Abend u. zwar „saa mzima“

2897 2627 622 122 = volle Stunde

3729 2680 235 143 ver„

513 2844 3504 249 spürt worden sei, interessant mit Hinblick auf den vermute„

496 2991 3251 269 ten Einbruch. Von früheren wollten sie freilich nichts

500 3165 463 250 wissen.

757 3271 3151 195 Am Pindiro auf rechtem Ufer aufwärts gezogen, nachdem ich

548 3437 3260 266 endlich einen Weg u. einen Ansässigen aufgetrieben hatte.

528 3603 3297 214 Denn dieser Ort ist schon wieder aufgegeben u. enthält

511 3750 3346 192 bereits wieder greuliches Pori. Etwas gelbe Papierschiefer

522 3907 3322 201 am Wege aufgelesen, wohl zu den gefalteten gehörig,

528 4057 1309 268 aber auch ohne Fossilien.

695 4208 3239 285 Zwischen Kihimbwi u. Pindiro, die beide fließendes Wasser führen,

568 4413 3377 187 aufwärts durch Schamben, dann nach links zur Barrabarra ab„

540 4523 3340 260 biegend. Nirgends gebrannt, wenig zu sehen, aber in einem

499 4671 3449 286 kl. Tälchen fand ich erstaunt auf einem Hange eine weiße Wand
