4292 5213
228 251 214 209 134

491 290 1752 269 Wendt, Auracher, Gaettens [für Songea])

627 539 3274 198 Nach den beiden klaren Tagen an Bord nahmen wir an,

498 656 3322 230 im Süden sei die Regenzeit vorüber. Doch regnets hier

521 783 2048 291 noch täglich, meist gegen 2 Uhr.

647 985 3113 278 Boheti mit nur wenigen Leuten nimmt uns in

556 1148 619 252 Empfang.

718 1252 2162 322 5.V. Versteinerungen gepackt. Briefe.

692 1441 2989 224 6.V. Abends Oberleutnant v. Cornatzky „weggetrunken“,

582 1614 3240 283 dann noch bis nach 1 Uhr geknobelt. Herrliche Mondschein„

597 1784 484 183 abende.

495 1896 3325 287 Sonntag d. 7.V. „Jugend“-Nummern gelesen, da sonst

551 2095 3299 253 leider nichts zu tun. Tennis. Nach d. Abendbrot im

515 2256 3193 251 Mondschein an d. Bucht spazieren m. Janensch u.

547 2376 597 216 Gaettens.

760 2499 3105 323 8.V. Gepackt. Abends wieder das hier neuerdings

517 2673 1840 222 beliebte Knobeln bis 12 Uhr.

732 2826 3105 283 9.V. Aufbruch mit den wenigen bisher ein„

565 2987 3176 292 getroffenen Leuten zum Tendaguru. Ich mag hier

542 3135 3392 323 nicht so müßig sitzen. Regen. Fabelhaft aufgeweichter

537 3353 3372 281 Tonboden am Kitulo, teilweise wie in Überschwem„

543 3504 3232 277 mungsland marschiert. Komme daher nur bis

495 3666 3347 277 Namembo. Mir fällt's allmählich auf die Seele, daß ich

578 3851 3358 269 meine Tage daheim, wenn auch vielleicht nicht besser,

541 3995 3426 241 doch erheblich intensiver ausnützen könnte. Nun wieder

546 4153 3383 316 3 Tage nur um an die Arbeitsstelle zu kommen! So

508 4372 1091 277 schön sie sind...

673 4562 3255 349 10.V. Bei Morgengrauen ab, nochmals durch aufgeweichten
