4292 5213
3750 227 295 189 151

357 284 3250 248 Wollte einen andern Weg, es gab nur diesen, also zurück zur

407 437 3647 191 Barrabarra (übrigens höchst kümmerlich ausgehauen), auf dieser südwärts.

413 563 3651 214 bis zum Übergang über den Pindiro, fand dort am Anstieg wieder

434 711 3614 182 die feinen senkrecht gestellten Sandschiefer (braune Latten Ukhwere's??)

405 867 3682 232 u. im versumpften Flußbett einen Bestand dichter aber kleiner Sumpf„

450 1043 3295 188 bäume mit tiefem Moderboden, so recht an Steinkohlenwälder im

389 1186 3560 206 Wirniß u. Dämmerung erinnernd. Dann der Barrabarra nach

427 1372 3669 240 N. bis Ruawa (Jumbe Moh. Useni) gefolgt. Fand auch hier die Beyschlagi-

469 1514 3509 242 Schicht unmittelbar darüber u. augenscheinlich wagerecht, also trans„

509 1699 3445 234 gredierend. Eine Jura-Insel, u. Aufenthalt der Dinosaurier? Ebenso

537 1808 3497 209 der Oolith als Basis. Hübsches Plätzchen im Winkel zw. Ruawa (wasserführend)

511 1947 3514 185 u. rechtem Nebenlauf, breitem mäanderndem Trockental, das an Mtshin-

508 2130 3505 189 giri bei Matapua erinnert. Nachm. vergeblich Rundsicht gesucht, alles

484 2227 3354 259 in Gras u. Busch verschneit. Anderes Gestein mit Nerineen in

488 2370 3314 278 höherer Lage gefunden. Auflagernde Bornhardti-Schicht oder

495 2556 1645 255 Steilstellung auch der Kreide?

769 2719 3045 222 Jumbe von Ngarama erscheint mit vielen Trägern und über

476 2877 3369 207 200 pishi Reis. Nun bekamen meine Leute doch noch zu tun.

709 3101 3269 181 17.VII. Über den Ruawa auf d. gegenüber liegende höhere

525 3240 3378 215 Ufer, wo ich auf gutes Profil hoffte. Von oben bis unten

543 3357 3465 231 nichts als Sand, aber etwas Übersicht. Vor uns taucht ein mächtiger

548 3531 3437 234 Kegel, der Namateaure, wie ein Inselberg auf, wohl ein stehen

548 3718 3523 213 gebliebenes Teilstück zwischen Mbalawala- u. Ngorama-Plateau. Oben

565 3816 3433 256 starke Bänke sichtbar (höherer Oolith des Minyoka?) Über Ruawa-

597 3995 3363 202 Quelle auf Plateaufläche Mawranda mit ganz kurzer Unterbrechung (wo

519 4111 3519 218 d. Kilwa-Straße verlassen wurde) in entsetzlichem Busch. Der sehr schlechte

560 4298 3437 214 Negerpfad, der nur für Kautschuk-Zapfer berechnet ist u. jedes Hindernis

510 4447 3474 207 nur umgeht, falls das überhaupt möglich ist, machte meiner Länge

531 4583 3382 199 u. auch den Trägern viel zu schaffen u. verhinderte jede Übersicht.

501 4665 3195 256 Immerhin auch diese Vegetationsform in solcher Ausdehnung
