4292 5213
197 281 111 76 24

408 325 3457 104 11. Juli: Wieder im Dunkeln aufgebrochen: über Kijenjere,

476 412 3429 184 eine angrenzende Gemarkung von zusammenhängen„

499 568 3455 182 den, weiten Feldern, dann Ngomahi od. Ngomanji (1 ¼ Std )

514 711 3068 187 in's Mbenkuru-Tal nach N. hinab. Am Wege bei

524 844 3307 225 Kijenjere einige Knochenstellen besichtigt, von denen

578 989 3177 211 mir eine brauchbar schien. 1 ¾ Std. bis zu einer

268 1146 3623 222 sehr wasserreichen (nicht fließend) Stelle des Ngomanji schon

506 1304 3174 209 im Talboden. Über ein Fischwehr hinübergesetzt,

553 1481 3362 188 jenseits weite Grasebene bereits gebrannt, aber infolge

559 1621 3186 210 d. stehen gebliebenen harten, hohen Stengel wenig

535 1768 3336 242 übersichtlich u. recht unwegsam. Alsbald frische Wasser-

565 1974 3181 207 bock-Spuren. Einer hielt vom Baum aus Ausschau.

593 2149 3184 180 Lange nichts gesehen, nur recht frische Elephanten

553 2312 3334 204 spuren; schließlich ein junges Wasserbock-Weibchen

638 2505 3135 169 in einiger Entfernung fliehen sehen. Ging nach,

658 2662 3071 223 ohne Hoffnung, da jeder Schritt lautes Getöse ver„

606 2844 3205 224 ursachte u. wir nicht annähernd so schnell folgen

569 3019 3186 204 konnten. Am Rande der Ebene Gehölz mit frei„

598 3174 3122 217 gebrannten Durchgängen. Wegen der Elephanten (ich

581 3356 3144 213 hatte keine Vollmantelpatronen) u. der sehr geringen

550 3521 3199 206 Übersicht nicht weit hinein. Es kam hinzu, daß

603 3703 3146 194 ich mich plötzlich nicht gut fühlte u. Fieberrück„

686 3874 3011 210 fall befürchtete. Vom Rückwege durch Spuren,

588 4039 3157 227 Schwein u. Buschbock noch mehrmals abge„

573 4217 3042 233 lenkt, wobei ich erst wieder das schönste

618 4382 3096 239 Jagdgebiet selbst entdecken mußte, schoß recht

573 4552 3210 273 schlecht u. kehrte am Wege um. Doch gingen wir
