4292 5213
236 299 159 88 10

522 332 3354 170 21 Mai: Ankunft eines Trupps von 10 Wangoni vom Nyassa

552 502 3381 175 21. Mai: Rundgang zu allen Arbeitsstellen ohne besonderen

513 649 3036 216 Aufenthalt heut bereits 3 ½ Std. In Kant geblättert.

666 852 3141 198 Abends Kometen gesehen, bereits ziemlich fern der

555 995 2708 190 Sonne. Des Mondscheins wegen nur klein.

491 1153 3400 253 Sonntag d. 22. Mai: Blick vom Hause aus nach S. aquarel„

484 1396 2753 169 liert. Nicht fortgegangen. Abends Komet.

647 1573 1028 152 In Kant geblättert.

776 1718 3062 182 23. Mai. Morgens Zibethkatze in d. Falle mit Pistole

643 1870 2689 163 u. ein Eichhörnchen mit Vogeldunst geschossen.

778 2014 2985 200 Arbeiten an Skelett S wieder aufgenommen.

748 2144 3033 233 24. Mai: Morgens eines Barappis wegen in dem Talkessel

588 2275 3089 273 des Doanika durch's Pori gekrochen, natürlich ohne Erfolg.

575 2560 898 147 Zu allen Gräben

866 2651 2935 192 Erhalten Nachricht, daß auch bei Massassi (5 Tage Entfernung)

611 2800 3202 210 noch Knochen gefunden seien. Die Regenzeit ist somit durch

587 2962 3236 200 das Auseinanderströmen unserer Arbeiter recht frucht„

601 3133 3174 178 bar geworden. Das Problem der Entstehung dieser

580 3308 3409 168 Knochenlager wird immer ungeheurer. Werden morgen

554 3475 2643 167 Leute zur Berichterstattung dorthin senden.

771 3589 3046 216 25. Mai: Schon wieder Zibethkatze in der Falle.

589 3784 3122 179 Um die harmlosen Tierchen ist mir's eigentlich der

581 3970 1640 155 Qualen wegen recht leid.

849 4074 3121 202 Knochen abgezeichnet. Auf einem Wege Mbawalla gesehen.

721 4279 3126 186 26 Mai: Morgens, da regnerisch u. feucht etwas ge„

639 4431 3246 176 jagt. Scheuchte 2 kleinereTiere im hohen Grase auf,

611 4638 1208 162 ohne etwas zu sehen.

899 4747 2828 172 Die Arbeitsstelle bei Skelett S ist höchst malerisch.
