4292 5214
3723 209 90 125 17

372 308 3475 153 die d. ganzen Hinterleib bis auf Haut u. Knochen

417 457 3298 162 weggefressen hatten. Wäre schon etwas vor 11

457 627 3540 175 zu Haus angelangt, besichtigte aber erst die Gräben

437 811 3510 181 am Wege. Fand einen alten Aufseher schlafend, der

450 972 3212 210 höchst erstaunt über mein Erscheinen war. Ich

667 1244 3177 118 14. Juni. Zurückgeschickt, um d. Affenschädel zu holen,

489 1376 3472 187 bereits nicht mehr zu finden. Dafür Fossilien vom

490 1538 3175 194 Steilabstieg rechts des Mtapa, wo ich gestern

460 1715 3290 207 Trigonia Beyschlagi fand, während linksseitig auf

463 1898 3284 208 d. Plateau aber tiefer als jenes Konglomerat

457 2120 685 151 Oolith liegt.

618 2310 3364 206 16. Juni. Morgens m. Ali zum Maimbwi; nichts!

530 2471 2507 199 Zu d. Gräben bis jenseits d. Barrabarra.

585 2591 3346 229 Abends erklärt Ali auf d. linken Auge plötzlich nicht

475 2751 3236 232 sehen zu können. Nachts heftiger Schmerz, seitdem

498 2958 1737 183 verminderte Sehfähigkeit.

564 3062 3421 282 17. Juni. Zur barrabarra hinab, da bedeckter Himmel.

438 3228 3391 279 Wollte schon längst nachsehen, ob wir in d. Ebene

484 3370 3371 280 noch nicht brennen können. Leider noch kein

537 3566 2877 264 Gedanke daran. Im N. um Tendag. zurück.

617 3727 3272 265 18. Juni: Mit Salesi u. 2 Mann den Kipande-Bach

397 3894 3418 294 hinab bis zur Knochenstelle in d. 2ten Stufe, die ich

468 4064 3385 278 vorm Jahr dort fand. Anscheinend noch nicht abwärts

494 4244 3291 280 gespült, so daß ich bei d. Knochen selbst Grabung

492 4418 3189 277 ansetze. Dann Fluß abwärts, um zu sehen,

450 4618 3351 239 wohin das führe. Noch manchen Knochen u. zahl„
