<?xml version="1.0" encoding="UTF-8"?>
<alto xmlns:xsi="http://www.w3.org/2001/XMLSchema-instance"
      xmlns="http://www.loc.gov/standards/alto/ns-v2#"
      xmlns:page="http://schema.primaresearch.org/PAGE/gts/pagecontent/2013-07-15"
      xsi:schemaLocation="http://www.loc.gov/standards/alto/ns-v2# http://www.loc.gov/standards/alto/alto.xsd">
   <Description>
      <MeasurementUnit>pixel</MeasurementUnit>
      <OCRProcessing ID="IdOcr">
         <ocrProcessingStep>
            <processingDateTime>2021-02-02T10:01:38.356+01:00</processingDateTime>
            <processingSoftware>
               <softwareCreator>READ COOP</softwareCreator>
               <softwareName>Transkribus</softwareName>
            </processingSoftware>
         </ocrProcessingStep>
      </OCRProcessing>
   </Description>
   <Layout>
      <Page ID="Page1" PHYSICAL_IMG_NR="1" HEIGHT="5214" WIDTH="4293">
         <TopMargin HEIGHT="0" WIDTH="4293" VPOS="0" HPOS="0"/>
         <LeftMargin HEIGHT="5214" WIDTH="0" VPOS="0" HPOS="0"/>
         <RightMargin HEIGHT="5214" WIDTH="0" VPOS="0" HPOS="4293"/>
         <BottomMargin HEIGHT="0" WIDTH="4293" VPOS="5214" HPOS="0"/>
         <PrintSpace HEIGHT="5214" WIDTH="4293" VPOS="0" HPOS="0">
            <TextBlock ID="r4" HEIGHT="4625" WIDTH="3535" VPOS="232" HPOS="529">
               <Shape>
                  <Polygon POINTS="529,232 529,4857 4064,4857 4064,232"/>
               </Shape>
               <TextLine ID="line_1566567550878_475"
                         BASELINE="311"
                         HEIGHT="54"
                         WIDTH="104"
                         VPOS="257"
                         HPOS="3871">
                  <String ID="string_line_1566567550878_475"
                          HEIGHT="54"
                          WIDTH="104"
                          VPOS="257"
                          HPOS="3871"
                          CONTENT="95"/>
               </TextLine>
               <TextLine ID="line_1566567576361_490"
                         BASELINE="490"
                         HEIGHT="132"
                         WIDTH="3395"
                         VPOS="358"
                         HPOS="570">
                  <String ID="string_line_1566567576361_490"
                          HEIGHT="132"
                          WIDTH="3395"
                          VPOS="358"
                          HPOS="570"
                          CONTENT="Nachm. Volksbelustigungen auf d. Marktplatz. Derb u. lustig,"/>
               </TextLine>
               <TextLine ID="r4l3"
                         BASELINE="658"
                         HEIGHT="151"
                         WIDTH="3451"
                         VPOS="507"
                         HPOS="533">
                  <String ID="string_r4l3"
                          HEIGHT="151"
                          WIDTH="3451"
                          VPOS="507"
                          HPOS="533"
                          CONTENT="aber die Europäer waren zu viel. Sie warfen Kupfergeld"/>
               </TextLine>
               <TextLine ID="r4l4"
                         BASELINE="821"
                         HEIGHT="157"
                         WIDTH="3476"
                         VPOS="664"
                         HPOS="563">
                  <String ID="string_r4l4"
                          HEIGHT="157"
                          WIDTH="3476"
                          VPOS="664"
                          HPOS="563"
                          CONTENT="in Mengen unter das Volk u. die einzige Folge waren"/>
               </TextLine>
               <TextLine ID="r4l5"
                         BASELINE="972"
                         HEIGHT="154"
                         WIDTH="3426"
                         VPOS="818"
                         HPOS="553">
                  <String ID="string_r4l5"
                          HEIGHT="154"
                          WIDTH="3426"
                          VPOS="818"
                          HPOS="553"
                          CONTENT="Keilereien u. eine unangenehme Bettelei der Kinder."/>
               </TextLine>
               <TextLine ID="r4l6"
                         BASELINE="1128"
                         HEIGHT="150"
                         WIDTH="3481"
                         VPOS="978"
                         HPOS="536">
                  <String ID="string_r4l6"
                          HEIGHT="150"
                          WIDTH="3481"
                          VPOS="978"
                          HPOS="536"
                          CONTENT="Wenn diese kümmerliche Geldgier auch in unsere schönen"/>
               </TextLine>
               <TextLine ID="r4l7"
                         BASELINE="1300"
                         HEIGHT="178"
                         WIDTH="3478"
                         VPOS="1122"
                         HPOS="529">
                  <String ID="string_r4l7"
                          HEIGHT="178"
                          WIDTH="3478"
                          VPOS="1122"
                          HPOS="529"
                          CONTENT="Häfen getragen werden sollte, dann wenigstens nicht"/>
               </TextLine>
               <TextLine ID="r4l8"
                         BASELINE="1472"
                         HEIGHT="199"
                         WIDTH="3318"
                         VPOS="1273"
                         HPOS="585">
                  <String ID="string_r4l8"
                          HEIGHT="199"
                          WIDTH="3318"
                          VPOS="1273"
                          HPOS="585"
                          CONTENT="durch uns selbst! Ging zum Tennis; hübsches Spiel m."/>
               </TextLine>
               <TextLine ID="r4l9"
                         BASELINE="1646"
                         HEIGHT="150"
                         WIDTH="470"
                         VPOS="1496"
                         HPOS="611">
                  <String ID="string_r4l9"
                          HEIGHT="150"
                          WIDTH="470"
                          VPOS="1496"
                          HPOS="611"
                          CONTENT="Wolff's."/>
               </TextLine>
               <TextLine ID="line_1566567586736_498"
                         BASELINE="1786"
                         HEIGHT="160"
                         WIDTH="3066"
                         VPOS="1626"
                         HPOS="777">
                  <String ID="string_line_1566567586736_498"
                          HEIGHT="160"
                          WIDTH="3066"
                          VPOS="1626"
                          HPOS="777"
                          CONTENT="Abends Festessen von 14 Herren in d. Schaurihalle."/>
               </TextLine>
               <TextLine ID="r4l12"
                         BASELINE="1939"
                         HEIGHT="170"
                         WIDTH="3222"
                         VPOS="1769"
                         HPOS="571">
                  <String ID="string_r4l12"
                          HEIGHT="170"
                          WIDTH="3222"
                          VPOS="1769"
                          HPOS="571"
                          CONTENT="Es waren schwarze Beinkleider befohlen. Bei der"/>
               </TextLine>
               <TextLine ID="r4l13"
                         BASELINE="2085"
                         HEIGHT="170"
                         WIDTH="3149"
                         VPOS="1915"
                         HPOS="602">
                  <String ID="string_r4l13"
                          HEIGHT="170"
                          WIDTH="3149"
                          VPOS="1915"
                          HPOS="602"
                          CONTENT="wahnsinnigen Hitze schien mir das Selbstmord u."/>
               </TextLine>
               <TextLine ID="r4l14"
                         BASELINE="2242"
                         HEIGHT="202"
                         WIDTH="3140"
                         VPOS="2040"
                         HPOS="630">
                  <String ID="string_r4l14"
                          HEIGHT="202"
                          WIDTH="3140"
                          VPOS="2040"
                          HPOS="630"
                          CONTENT="obendrein überflüssiger. Ich verabredete mit einem"/>
               </TextLine>
               <TextLine ID="r4l15"
                         BASELINE="2389"
                         HEIGHT="196"
                         WIDTH="3353"
                         VPOS="2193"
                         HPOS="628">
                  <String ID="string_r4l15"
                          HEIGHT="196"
                          WIDTH="3353"
                          VPOS="2193"
                          HPOS="628"
                          CONTENT="andern Herren weiße u. glaube nicht, daß ich deswegen"/>
               </TextLine>
               <TextLine ID="r4l16"
                         BASELINE="2548"
                         HEIGHT="225"
                         WIDTH="3245"
                         VPOS="2323"
                         HPOS="606">
                  <String ID="string_r4l16"
                          HEIGHT="225"
                          WIDTH="3245"
                          VPOS="2323"
                          HPOS="606"
                          CONTENT="für einen Anarchisten gehalten worden bin. Es war"/>
               </TextLine>
               <TextLine ID="r4l17"
                         BASELINE="2692"
                         HEIGHT="206"
                         WIDTH="3340"
                         VPOS="2486"
                         HPOS="621">
                  <String ID="string_r4l17"
                          HEIGHT="206"
                          WIDTH="3340"
                          VPOS="2486"
                          HPOS="621"
                          CONTENT="mir eine Freude diesen Suggestions-Zauber der Mode„"/>
               </TextLine>
               <TextLine ID="r4l18"
                         BASELINE="2875"
                         HEIGHT="229"
                         WIDTH="3144"
                         VPOS="2646"
                         HPOS="611">
                  <String ID="string_r4l18"
                          HEIGHT="229"
                          WIDTH="3144"
                          VPOS="2646"
                          HPOS="611"
                          CONTENT="sklaverei einmal zu durchbrechen. Es wurde sehr"/>
               </TextLine>
               <TextLine ID="r4l19"
                         BASELINE="3035"
                         HEIGHT="201"
                         WIDTH="3372"
                         VPOS="2834"
                         HPOS="619">
                  <String ID="string_r4l19"
                          HEIGHT="201"
                          WIDTH="3372"
                          VPOS="2834"
                          HPOS="619"
                          CONTENT="fidel, wozu ich halb unbewußt in guter Weinlaune"/>
               </TextLine>
               <TextLine ID="r4l20"
                         BASELINE="3186"
                         HEIGHT="199"
                         WIDTH="3149"
                         VPOS="2987"
                         HPOS="617">
                  <String ID="string_r4l20"
                          HEIGHT="199"
                          WIDTH="3149"
                          VPOS="2987"
                          HPOS="617"
                          CONTENT="reichlich beitrug. Nachts wieder auf dem Marktplatz,"/>
               </TextLine>
               <TextLine ID="r4l21"
                         BASELINE="3353"
                         HEIGHT="183"
                         WIDTH="3386"
                         VPOS="3170"
                         HPOS="641">
                  <String ID="string_r4l21"
                          HEIGHT="183"
                          WIDTH="3386"
                          VPOS="3170"
                          HPOS="641"
                          CONTENT="wo inzwischen die ngoma's alle Register gezogen hatten."/>
               </TextLine>
               <TextLine ID="r4l22"
                         BASELINE="3530"
                         HEIGHT="192"
                         WIDTH="3302"
                         VPOS="3338"
                         HPOS="597">
                  <String ID="string_r4l22"
                          HEIGHT="192"
                          WIDTH="3302"
                          VPOS="3338"
                          HPOS="597"
                          CONTENT="Höchst interessant, wieder brachten wir Europäer ein"/>
               </TextLine>
               <TextLine ID="r4l23"
                         BASELINE="3695"
                         HEIGHT="212"
                         WIDTH="3294"
                         VPOS="3483"
                         HPOS="681">
                  <String ID="string_r4l23"
                          HEIGHT="212"
                          WIDTH="3294"
                          VPOS="3483"
                          HPOS="681"
                          CONTENT="fremdes störendes Element hinein, wenn auch eine"/>
               </TextLine>
               <TextLine ID="r4l24"
                         BASELINE="3845"
                         HEIGHT="176"
                         WIDTH="3148"
                         VPOS="3669"
                         HPOS="579">
                  <String ID="string_r4l24"
                          HEIGHT="176"
                          WIDTH="3148"
                          VPOS="3669"
                          HPOS="579"
                          CONTENT="Schlacht mit Bierfilzen am Whisky-Soda-Tisch viel"/>
               </TextLine>
               <TextLine ID="r4l25"
                         BASELINE="4015"
                         HEIGHT="167"
                         WIDTH="2976"
                         VPOS="3848"
                         HPOS="603">
                  <String ID="string_r4l25"
                          HEIGHT="167"
                          WIDTH="2976"
                          VPOS="3848"
                          HPOS="603"
                          CONTENT="Heiterkeit u. Anklang bei d. Schwarzen fand."/>
               </TextLine>
               <TextLine ID="r4l26"
                         BASELINE="4177"
                         HEIGHT="158"
                         WIDTH="3305"
                         VPOS="4019"
                         HPOS="759">
                  <String ID="string_r4l26"
                          HEIGHT="158"
                          WIDTH="3305"
                          VPOS="4019"
                          HPOS="759"
                          CONTENT="Auch die Schwarzen hatten ihre Häuser sehr geschmackvoll"/>
               </TextLine>
               <TextLine ID="r4l27"
                         BASELINE="4370"
                         HEIGHT="167"
                         WIDTH="3399"
                         VPOS="4203"
                         HPOS="642">
                  <String ID="string_r4l27"
                          HEIGHT="167"
                          WIDTH="3399"
                          VPOS="4203"
                          HPOS="642"
                          CONTENT="geschmückt, der Ort loderte in Blütenfarben u. Palmen„"/>
               </TextLine>
               <TextLine ID="r4l28"
                         BASELINE="4528"
                         HEIGHT="170"
                         WIDTH="3399"
                         VPOS="4358"
                         HPOS="617">
                  <String ID="string_r4l28"
                          HEIGHT="170"
                          WIDTH="3399"
                          VPOS="4358"
                          HPOS="617"
                          CONTENT="grün. Gestern sagten 2 meiner Leute etwas von „Eurem“"/>
               </TextLine>
               <TextLine ID="r4l29"
                         BASELINE="4694"
                         HEIGHT="182"
                         WIDTH="3294"
                         VPOS="4512"
                         HPOS="618">
                  <String ID="string_r4l29"
                          HEIGHT="182"
                          WIDTH="3294"
                          VPOS="4512"
                          HPOS="618"
                          CONTENT="Festtag, worauf ich pflichtschuldigst: „unser Aller doch wohl?“"/>
               </TextLine>
               <TextLine ID="r4l30"
                         BASELINE="4857"
                         HEIGHT="179"
                         WIDTH="3233"
                         VPOS="4678"
                         HPOS="586">
                  <String ID="string_r4l30"
                          HEIGHT="179"
                          WIDTH="3233"
                          VPOS="4678"
                          HPOS="586"
                          CONTENT="Ich war überrascht durch die Ehrlichkeit u. Schnelligkeit"/>
               </TextLine>
            </TextBlock>
         </PrintSpace>
      </Page>
   </Layout>
</alto>
