<?xml version="1.0" encoding="UTF-8"?>
<alto xmlns:xsi="http://www.w3.org/2001/XMLSchema-instance"
      xmlns="http://www.loc.gov/standards/alto/ns-v2#"
      xmlns:page="http://schema.primaresearch.org/PAGE/gts/pagecontent/2013-07-15"
      xsi:schemaLocation="http://www.loc.gov/standards/alto/ns-v2# http://www.loc.gov/standards/alto/alto.xsd">
   <Description>
      <MeasurementUnit>pixel</MeasurementUnit>
      <OCRProcessing ID="IdOcr">
         <ocrProcessingStep>
            <processingDateTime>2021-02-02T10:01:40.06+01:00</processingDateTime>
            <processingSoftware>
               <softwareCreator>READ COOP</softwareCreator>
               <softwareName>Transkribus</softwareName>
            </processingSoftware>
         </ocrProcessingStep>
      </OCRProcessing>
   </Description>
   <Layout>
      <Page ID="Page1" PHYSICAL_IMG_NR="1" HEIGHT="5213" WIDTH="4292">
         <TopMargin HEIGHT="0" WIDTH="4292" VPOS="0" HPOS="0"/>
         <LeftMargin HEIGHT="5213" WIDTH="0" VPOS="0" HPOS="0"/>
         <RightMargin HEIGHT="5213" WIDTH="0" VPOS="0" HPOS="4292"/>
         <BottomMargin HEIGHT="0" WIDTH="4292" VPOS="5213" HPOS="0"/>
         <PrintSpace HEIGHT="5213" WIDTH="4292" VPOS="0" HPOS="0">
            <TextBlock ID="TextRegion_1569572236009_150"
                       HEIGHT="4649"
                       WIDTH="3637"
                       VPOS="243"
                       HPOS="296">
               <Shape>
                  <Polygon POINTS="296,243 484,243 3933,343 3933,4892 419,4892 296,407"/>
               </Shape>
               <TextLine ID="r1l1"
                         BASELINE="420"
                         HEIGHT="185"
                         WIDTH="241"
                         VPOS="235"
                         HPOS="268">
                  <String ID="string_r1l1"
                          HEIGHT="185"
                          WIDTH="241"
                          VPOS="235"
                          HPOS="268"
                          CONTENT="102"/>
               </TextLine>
               <TextLine ID="r2l1"
                         BASELINE="516"
                         HEIGHT="261"
                         WIDTH="3277"
                         VPOS="255"
                         HPOS="515">
                  <String ID="string_r2l1"
                          HEIGHT="261"
                          WIDTH="3277"
                          VPOS="255"
                          HPOS="515"
                          CONTENT="8.II: Vorm. auf dem Boma-Berg; schöner Blick über die"/>
               </TextLine>
               <TextLine ID="r2l2"
                         BASELINE="636"
                         HEIGHT="196"
                         WIDTH="3140"
                         VPOS="440"
                         HPOS="585">
                  <String ID="string_r2l2"
                          HEIGHT="196"
                          WIDTH="3140"
                          VPOS="440"
                          HPOS="585"
                          CONTENT="Bucht. Um 11 kommt der Dampfer, gleich an Bord."/>
               </TextLine>
               <TextLine ID="r2l3"
                         BASELINE="893"
                         HEIGHT="317"
                         WIDTH="3258"
                         VPOS="576"
                         HPOS="584">
                  <String ID="string_r2l3"
                          HEIGHT="317"
                          WIDTH="3258"
                          VPOS="576"
                          HPOS="584"
                          CONTENT="Um 1 aus dem Hafen. Schönes Wetter u. schwache Dünung"/>
               </TextLine>
               <TextLine ID="r2l4"
                         BASELINE="1041"
                         HEIGHT="266"
                         WIDTH="3234"
                         VPOS="775"
                         HPOS="591">
                  <String ID="string_r2l4"
                          HEIGHT="266"
                          WIDTH="3234"
                          VPOS="775"
                          HPOS="591"
                          CONTENT="u. doch hatte ich zuletzt eine schwache Neigung zu See„"/>
               </TextLine>
               <TextLine ID="r2l5"
                         BASELINE="1219"
                         HEIGHT="292"
                         WIDTH="3311"
                         VPOS="927"
                         HPOS="551">
                  <String ID="string_r2l5"
                          HEIGHT="292"
                          WIDTH="3311"
                          VPOS="927"
                          HPOS="551"
                          CONTENT="krankheit. In Lindi wieder ausgestiegen, um mit Gou„"/>
               </TextLine>
               <TextLine ID="r2l6"
                         BASELINE="1405"
                         HEIGHT="322"
                         WIDTH="3381"
                         VPOS="1083"
                         HPOS="541">
                  <String ID="string_r2l6"
                          HEIGHT="322"
                          WIDTH="3381"
                          VPOS="1083"
                          HPOS="541"
                          CONTENT="vernementsdampfer „Kaiser Wilhelm“ weiter zu fahren,"/>
               </TextLine>
               <TextLine ID="r2l7"
                         BASELINE="1549"
                         HEIGHT="281"
                         WIDTH="3356"
                         VPOS="1268"
                         HPOS="531">
                  <String ID="string_r2l7"
                          HEIGHT="281"
                          WIDTH="3356"
                          VPOS="1268"
                          HPOS="531"
                          CONTENT="höre aber daß die kleine schwankende „Rovuma“ kommt"/>
               </TextLine>
               <TextLine ID="line_1569572088979_90"
                         BASELINE="1727"
                         HEIGHT="293"
                         WIDTH="3238"
                         VPOS="1434"
                         HPOS="483">
                  <String ID="string_line_1569572088979_90"
                          HEIGHT="293"
                          WIDTH="3238"
                          VPOS="1434"
                          HPOS="483"
                          CONTENT="u. bereits überfüllt ist. Herr Voertmann hier."/>
               </TextLine>
               <TextLine ID="r2l10"
                         BASELINE="1850"
                         HEIGHT="224"
                         WIDTH="3327"
                         VPOS="1626"
                         HPOS="618">
                  <String ID="string_r2l10"
                          HEIGHT="224"
                          WIDTH="3327"
                          VPOS="1626"
                          HPOS="618"
                          CONTENT="9.II. Werde den nächsten Linien-Dampfer abwarten,"/>
               </TextLine>
               <TextLine ID="r2l11"
                         BASELINE="2068"
                         HEIGHT="248"
                         WIDTH="3345"
                         VPOS="1820"
                         HPOS="547">
                  <String ID="string_r2l11"
                          HEIGHT="248"
                          WIDTH="3345"
                          VPOS="1820"
                          HPOS="547"
                          CONTENT="da auch wieder Kisten gekommen sind. Auch bleibe ich"/>
               </TextLine>
               <TextLine ID="r2l12"
                         BASELINE="2253"
                         HEIGHT="270"
                         WIDTH="1328"
                         VPOS="1983"
                         HPOS="561">
                  <String ID="string_r2l12"
                          HEIGHT="270"
                          WIDTH="1328"
                          VPOS="1983"
                          HPOS="561"
                          CONTENT="riesig gern in Lindi"/>
               </TextLine>
               <TextLine ID="r2l13"
                         BASELINE="2434"
                         HEIGHT="276"
                         WIDTH="2342"
                         VPOS="2158"
                         HPOS="643">
                  <String ID="string_r2l13"
                          HEIGHT="276"
                          WIDTH="2342"
                          VPOS="2158"
                          HPOS="643"
                          CONTENT="10.II: Boten nach Tendaguru geschickt. Briefe."/>
               </TextLine>
               <TextLine ID="r2l14"
                         BASELINE="2512"
                         HEIGHT="165"
                         WIDTH="2834"
                         VPOS="2347"
                         HPOS="1039">
                  <String ID="string_r2l14"
                          HEIGHT="165"
                          WIDTH="2834"
                          VPOS="2347"
                          HPOS="1039"
                          CONTENT="Abd. Tennis m. Dr. Wolff u. einem Offizier des im Hafen"/>
               </TextLine>
               <TextLine ID="r2l15"
                         BASELINE="2691"
                         HEIGHT="232"
                         WIDTH="2913"
                         VPOS="2459"
                         HPOS="925">
                  <String ID="string_r2l15"
                          HEIGHT="232"
                          WIDTH="2913"
                          VPOS="2459"
                          HPOS="925"
                          CONTENT="liegenden „Sperber“. Hübscher scharfer Kampf bei ziemlich"/>
               </TextLine>
               <TextLine ID="r2l16"
                         BASELINE="2837"
                         HEIGHT="238"
                         WIDTH="825"
                         VPOS="2599"
                         HPOS="936">
                  <String ID="string_r2l16"
                          HEIGHT="238"
                          WIDTH="825"
                          VPOS="2599"
                          HPOS="936"
                          CONTENT="gleichen Kräften."/>
               </TextLine>
               <TextLine ID="r2l17"
                         BASELINE="2958"
                         HEIGHT="237"
                         WIDTH="3290"
                         VPOS="2721"
                         HPOS="617">
                  <String ID="string_r2l17"
                          HEIGHT="237"
                          WIDTH="3290"
                          VPOS="2721"
                          HPOS="617"
                          CONTENT="11.II Kiesgrube hinter d. Stadt am Fuße des Berges besichtigt. Newala-"/>
               </TextLine>
               <TextLine ID="r2l18"
                         BASELINE="3204"
                         HEIGHT="279"
                         WIDTH="3262"
                         VPOS="2925"
                         HPOS="693">
                  <String ID="string_r2l18"
                          HEIGHT="279"
                          WIDTH="3262"
                          VPOS="2925"
                          HPOS="693"
                          CONTENT="Sandstein-Gerölle, zieml. großes Korn, rote Sandumhüllung, aber"/>
               </TextLine>
               <TextLine ID="r2l19"
                         BASELINE="3348"
                         HEIGHT="290"
                         WIDTH="3258"
                         VPOS="3058"
                         HPOS="678">
                  <String ID="string_r2l19"
                          HEIGHT="290"
                          WIDTH="3258"
                          VPOS="3058"
                          HPOS="678"
                          CONTENT="„Mikindani-Sch.“? Dann am Telegraphen-Weg aufwärts. Gleiche"/>
               </TextLine>
               <TextLine ID="r2l20"
                         BASELINE="3476"
                         HEIGHT="273"
                         WIDTH="2763"
                         VPOS="3203"
                         HPOS="708">
                  <String ID="string_r2l20"
                          HEIGHT="273"
                          WIDTH="2763"
                          VPOS="3203"
                          HPOS="708"
                          CONTENT="Verhältnis wie zwischen Ssudi- u. Mikindani-Bucht."/>
               </TextLine>
               <TextLine ID="r2l21"
                         BASELINE="3548"
                         HEIGHT="170"
                         WIDTH="704"
                         VPOS="3378"
                         HPOS="1000">
                  <String ID="string_r2l21"
                          HEIGHT="170"
                          WIDTH="704"
                          VPOS="3378"
                          HPOS="1000"
                          CONTENT="Abend Tennis."/>
               </TextLine>
               <TextLine ID="r2l22"
                         BASELINE="3828"
                         HEIGHT="381"
                         WIDTH="3315"
                         VPOS="3447"
                         HPOS="392">
                  <String ID="string_r2l22"
                          HEIGHT="381"
                          WIDTH="3315"
                          VPOS="3447"
                          HPOS="392"
                          CONTENT="Sonntag d. 12. Febr. Morgens gemalt. Abend mit Wolff's u."/>
               </TextLine>
               <TextLine ID="r2l23"
                         BASELINE="3967"
                         HEIGHT="361"
                         WIDTH="3182"
                         VPOS="3606"
                         HPOS="664">
                  <String ID="string_r2l23"
                          HEIGHT="361"
                          WIDTH="3182"
                          VPOS="3606"
                          HPOS="664"
                          CONTENT="See-Offizieren bei Oberleutn. v. Kornatzky. Wunderbarer"/>
               </TextLine>
               <TextLine ID="r2l24"
                         BASELINE="4064"
                         HEIGHT="248"
                         WIDTH="2980"
                         VPOS="3816"
                         HPOS="636">
                  <String ID="string_r2l24"
                          HEIGHT="248"
                          WIDTH="2980"
                          VPOS="3816"
                          HPOS="636"
                          CONTENT="Vollmond-Abend an d. Bucht bis 12 Uhr. Essen auf der"/>
               </TextLine>
               <TextLine ID="r2l25"
                         BASELINE="4199"
                         HEIGHT="268"
                         WIDTH="2850"
                         VPOS="3931"
                         HPOS="629">
                  <String ID="string_r2l25"
                          HEIGHT="268"
                          WIDTH="2850"
                          VPOS="3931"
                          HPOS="629"
                          CONTENT="Veranda, dann unten vor dem Hause gesessen."/>
               </TextLine>
               <TextLine ID="r2l26"
                         BASELINE="4375"
                         HEIGHT="305"
                         WIDTH="3107"
                         VPOS="4070"
                         HPOS="765">
                  <String ID="string_r2l26"
                          HEIGHT="305"
                          WIDTH="3107"
                          VPOS="4070"
                          HPOS="765"
                          CONTENT="13. Febr: Tennis. nach d. Abendbrot Spaziergang an"/>
               </TextLine>
               <TextLine ID="r2l27"
                         BASELINE="4531"
                         HEIGHT="238"
                         WIDTH="1361"
                         VPOS="4293"
                         HPOS="645">
                  <String ID="string_r2l27"
                          HEIGHT="238"
                          WIDTH="1361"
                          VPOS="4293"
                          HPOS="645"
                          CONTENT="der mondhellen Bucht."/>
               </TextLine>
               <TextLine ID="line_1569572125449_99"
                         BASELINE="4652"
                         HEIGHT="259"
                         WIDTH="2397"
                         VPOS="4393"
                         HPOS="981">
                  <String ID="string_line_1569572125449_99"
                          HEIGHT="259"
                          WIDTH="2397"
                          VPOS="4393"
                          HPOS="981"
                          CONTENT="Beobachtungen der Safaris ausgearbeitet."/>
               </TextLine>
               <TextLine ID="r2l30"
                         BASELINE="4812"
                         HEIGHT="282"
                         WIDTH="3042"
                         VPOS="4530"
                         HPOS="758">
                  <String ID="string_r2l30"
                          HEIGHT="282"
                          WIDTH="3042"
                          VPOS="4530"
                          HPOS="758"
                          CONTENT="11. Febr. Morgens Kriek aufwärts auf d. großen Straße,"/>
               </TextLine>
               <TextLine ID="line_1569572134896_104"
                         BASELINE="4977"
                         HEIGHT="290"
                         WIDTH="3227"
                         VPOS="4687"
                         HPOS="582">
                  <String ID="string_line_1569572134896_104"
                          HEIGHT="290"
                          WIDTH="3227"
                          VPOS="4687"
                          HPOS="582"
                          CONTENT="an der ich vom Boote aus Anschnitte im Tertiär gesehen"/>
               </TextLine>
            </TextBlock>
         </PrintSpace>
      </Page>
   </Layout>
</alto>
