4292 5213
260 273 135 121 92

395 263 2324 147 6-jährige Gefangenschaft eingebracht hätten.

706 439 3105 135 Nachm. Gestein sortiert. Träger von W (Tandag.), N (Mtarika) u.

573 595 3261 143 O (Liwali-Kitumbini) trafen fast gleichzitig u. dicht hinter mir

564 769 250 105 ein.

662 920 3104 148 176.I. Da ich die Befunde in Niongala u. Minyoka noch nicht

600 1069 3333 146 ohne tekton. Störung zu vereinen weiß, mir im übrigen aber

571 1214 3148 160 täglich d. Land ungestörter erscheint, bleibe ich einen Tag u.

594 1400 3320 154 mache einen Ausflug über Nambuli zum Mbenkuru. Jenseits

600 1562 3227 172 bei Kikundi werden außerdem anscheinend gute Knochen

620 1748 3339 148 gemeldet, zu deren Besichtigung aber die Zeit nicht hinreichte.

633 1930 3116 145 Fand orographisch d. Verhältnisse von Niongala, stratigr. von

633 2095 3228 147 Minyoka u. weiß nun erst recht nicht was los ist, zumal

632 2244 3093 173 von Oolith keine Spur. Bei Matapua schöner Aufschluß in

618 2414 3171 144 Saurierschichten, jenseits d. Mtshingiri auch Knochenstücke.

811 2605 2958 137 Abends wollte man mir „ganz nahe“ eine Stelle zeigen, wo

624 2757 3291 140 „täglich“ ein Buschbock-Pärchen austritt. Fand keine Spur u. mußte

617 2915 3375 133 weit üb. einen Berg durch Busch. Fand Nautilus in Beyschlagi-Horizont.

603 3085 3168 139 Als wir wieder in d. Felder kamen, winkten uns Leute,

600 3248 3262 127 dicht an ihrem Hause stand ein Mbawala, ich schoß, es überschlug

603 3407 3142 133 sich, gegen meine Warnung rannte ein Kerl dorthin, ich

587 3542 3199 172 sah das Tier noch einmal, konnte nun aber des Menschen

612 3669 3278 191 wegen nicht schießen, dann verschwand es im Busch, keine

609 3888 476 142 Blutspur.

709 3984 3159 245 18.I. Marsch auf's Likonde-Plateau. Im Mtshingiri, den wir

586 4149 3220 209 gestern trockenen Fußes durchschritten, marschierten wir heut

569 4352 3177 157 in knietiefem braunem Wasser, das langsam talab zog.

558 4523 3250 127 Wir hatten keinen Regen gehabt, auch keineWetterwolken

588 4656 3154 138 gesehen. Auch in voller Regenzeit soll der Fluß nie länger
