4292 5213
319 290 77 54 6

473 301 3316 183 10 od. 11. Mai: Morgens (wie von jetzt ab fast täglich) zur Be„

496 475 3235 228 sichtigung des Kometen früh aufgestanden. Herrliches

503 688 3339 187 Schauspiel: dunkle, klare Nacht u. die imponierende helle

503 914 2423 142 Erscheinung wie ein ungeheures Frage

2620 812 523 80 Ausrufungs-

2926 909 1031 72 zeichen über den

573 1069 3083 198 schwarzen Wäldern. Seit Lindi um ein Mehrfaches

540 1300 440 137 größer.

694 1405 3190 208 12. Mai: Habe gestern eine Falle anders gelegt, heute

552 1556 3291 217 ist zufällig bereits ein Leopard darin, nachdem un„

548 1697 3287 247 sere Leute d. ganze Regenzeit über nichts gefangen

561 1865 3291 227 haben. Natürlich macht es großen Eindruck auf die

546 2034 3142 206 Schwarzen. Janensch konnte d. Tier mit einem

669 2226 3037 161 Schusse strecken, ein kräftiges schönes Männchen.

786 2458 2898 130 13. Mai: In d. Falle heut nur d. Pfote einer

712 2592 3126 189 Zibethkatze. Eine einzige frische Leopardenspur

634 2777 3333 177 in d. Nähe scheint zu beweisen, daß sie sich nicht

645 2941 3239 203 selbst losgebissen hat. Im Walde auf Hundsaffen

678 3126 3264 185 geschossen; war fast erschreckt über die durchweg

667 3315 3332 180 gewaltigen, rötlichen Exemplare, die mir mindestens

681 3496 3261 168 eine Varietät zu sein scheinen. Sie machten mir

665 3675 3250 171 d. Eindruck großer Menschenaffen. Ein Schuß durchs

689 3856 3037 160 Gebüsch auf einen hellen Fleck ziemlich auf's

715 4015 3304 170 Geratewohl, muß aber getroffen haben. Wir fanden

690 4178 3220 183 nur ein kleines Fetzchen frischen Fleisches, sonst

697 4420 716 127 kein Blut.
