4292 5213
3758 168 251 193 133

432 227 3609 289 Hrn. Bühl. Prächtige Wohnung im Bankgebände. Aus projektier„

482 407 1574 302 tem Schach wurde nichts.

573 600 3407 218 29 Apr. Nachm. um 5 v. Hrn. Bühl zum Schach in d. Klub abge„

487 757 3337 269 holt. Kempner geht vermutlich nach Langenburg als

508 913 3263 206 Bezirksamtmann. Und kennt einstweilen weder

498 1057 2821 193 Land noch Leute. Konzert d. Askari-Kapelle

258 1193 3734 281 Sonntag 30. Apr. Nach einander 3 Dampfer der D. O. A. G. im Hafen

503 1355 3558 190 u. alle wieder hinaus. Frau Prof. Selenka „der Schrecken der

500 1492 3277 250 Linie“ oder „das Kolonialgespenst“ überrascht mich im

484 1630 3481 299 Hotel, nachdem wir uns bereits ganz sicher gefühlt

517 1809 3557 274 hatten, als der Hauptdampfer sie nicht brachte. Inner„

528 1954 3502 299 halb weniger Stunden stellt sie Daressalaam auf

550 2111 3355 250 d. Kopf u. wird vom Vertreter der Linie nach

481 2279 3601 299 Europa abgeschoben. Ich hatte ihr Usambara in glühenden

482 2461 3604 248 Farben gemalt, um sie vom Tendaguru abzulenken.

689 2599 1132 280 Mehrfach Regen.

719 2772 1986 295 Abend. Schach bei Hrn. Bühl.

539 2975 3462 324 1. Mai: Unser Dampfer sollte heut schon in Lindi sein, geht

481 3168 1859 300 aber erst morgen hier fort.

539 3278 3480 303 2. Mai: Sachen an Bord gebracht. Viel Regen. Erst nach 2 Uhr

490 3470 3379 353 aus d. Hafen. Bei Dunkelheit vor Bagomoyo. Hr. Marks an

495 3746 333 198 Bord

596 3812 3311 308 3 Mai: Erwachen auf hoher See, wie unendlich köstlich!

508 3983 3474 226 Schönstes Wetter. Nirgends auch in d. Ferne eine Böe zu

566 4162 3338 253 sehen. Nachm. 4 Uhr vor Kilwa. Bei Dunkelheit hinaus.

591 4288 3086 309 4. Mai. Kühler, schöner Morgen. Die 3 Kuppen des

492 4441 3489 310 Mtungo sichtbar. Einfahrt in den herrlichen Lindi-Hafen.

491 4654 3572 231 Uns ist er ein heimatlicher. Frühschoppen an Bord (Herren Schulze,
