4292 5213
248 222 275 212 148

517 310 3502 240 Arbeitsstelle besichtigt. Unter meinen Erwartungen, doch einiges Brauch„

422 459 3563 259 bare, leider in d. Nähe noch nicht abzusuchen, da alles unter noch grünem

457 640 3493 241 Gras. Infolgedessen auch nichts üb. d. Beziehungen zur Bornhardti-

454 753 1009 267 Schicht auszumachen.

740 904 3277 176 Abends dicht am Lager 3 täglich dort stehende Wasserbock-Weibchen

450 1069 3419 195 aufgescheucht, aber in Gras u. Busch erst dann gesehen, wenn sie ab„

479 1248 389 189 gingen.

634 1305 3264 282 14.VII. Nach Kikundi, dortige Knochenfunde zu besichtigen. Vorher in

495 1521 3300 246 den Niongala-Forst, um den Blick auf d. Tendaguru zu be„

476 1654 3366 268 kommen u. zu peilen. Nach langem scheußlichen vergeblichen

424 1827 3502 234 Suchen in Gras u. lückenlosem Wald auf die Höhe am Wege nach

439 1961 3366 243 Matapua gelangt, aber nur sehr unvollkommener Durchblick.

488 2117 3378 211 Zurück über die Schamben des Nameha, die fossilführende Schicht nicht

483 2296 3378 180 aufgeschlossen, aber in halber Höhe des Niongala-Forstes feine weiße,

473 2383 3481 288 deutlich geschichtete Sande offenbar höherer Lage in interessanter klei„

492 2594 3495 216 ner Schlucht unter älterem Ausräumungskessel aufgeschlossen (jünge„

468 2688 3348 296 re Erosionsformen gegen ältere). Die Bornhardti-Schicht dann

472 2860 3419 309 am Wege nach Kikundi zu sehen. Hier Feuer gut durchgegangen.

499 3091 3385 236 Gegenüber Kikundi andre Sandsteine am Talrand anstehend, wohl

505 3264 3411 234 zur Beyschlagi-Zone des Mtshingiri gehörig. Lager zwischen Mben-

491 3399 3297 276 kuru u. Kikundi nahe einer großen mit Grasebene wie in

480 3561 1366 273 Kigombo erfüllten Senke.

703 3712 3011 225 Nachm. Matarawe-Hügel besichtigt, aus Beyschlagi-Schichten, vom

499 3935 3454 210 Mbenkuru in Steilabbruch abg. angeschnitten, im Flußbett Steinplatten

523 4084 3299 241 anstehend, also auch hier jugendliche Erosion. Die Grasebene

509 4258 3383 231 dürfte also früher ein See gewesen sein, im Zusammen„

486 4410 3255 226 hang mit d. tiefen Lage der Bornhardti-Schichten. Falls

456 4558 3296 243 Verwerfungs-Einbruch, müßte er recht jung sein, denn
