4292 5213
269 237 228 192 130

448 262 3193 266 nicht die gleiche Schichtenfolge, aber auch geringere Höhe.

462 423 3349 267 Statt dessen lagen hier gewaltige Kalkfelsen mit Schratten-

436 605 3449 204 Oberfläche, aber ohne die nach Stuhlmann-Bornh. zu erwartende

406 768 3349 219 Korallenstruktur im Grase u. unmittelbar daneben am

423 896 3448 219 Wege eine Schicht mit guten reichen Fossilien, anscheinend eine

423 1046 3509 211 Lage in den Sandsteinen des Bachbettes. Die Lagebeziehungen

438 1236 3414 230 zu d. Kalk waren leider wegen d. Grases u. Zeitmangels

444 1424 3318 192 nicht zu ermitteln, ich mutmaßte jedoch ein durchragendes

422 1562 3427 200 Kalkriff von anscheinend NW-Richtung, sodaß es zu jenem

419 1674 3302 285 Korallenkalk gehören könnte. Der Jumbe führte mich nun

423 1847 3319 200 kreuz u. quer, um mir weitere Blöcke zu zeigen u. da.

475 1988 3376 228 d. Sonne bedeckt war, verlor ich etwas d. Himmelsrich„

457 2202 3481 168 tung u. damit die Verbindung zum Gesehenen. Unter den

469 2354 3394 264 Blöcken waren aber auch ziemlich hoch gelegene Sandsteine

467 2507 3308 239 bis Konglomerate statt des Schrattenkalks. Dann gab's noch

481 2733 648 224 ein Profil:

1187 2676 1133 210 5 grobkörniger Sandstein

1164 2786 1195 201 4 fester gut plattender Sdst.

1143 2874 1181 198 3 Ammonit freiliegend

1133 2959 2581 229 2 Austernbank in einzelnen Brocken eine Schicht bildend

1140 3097 1376 176 1 braune Letten u. Sandsteine

563 3231 3206 154 worin 1-4 gut mit d. linken Sude-Ufer übereinstimmen, der

470 3313 3146 235 Ammonit anscheinend aus 3 u. unmittelbar darauf liegend.

558 3409 3278 310 Rückweg vielfach (besonders am Sumba) durch schönen Lianen-

469 3604 3254 238 Busch bis - Wald, da viele nicht große Bäume darin. Eine

466 3753 3217 248 Pflanze wie Sisal, nur mit schnellerem Aufschießen, sodaß d.

464 3867 3282 261 Blätter statt gedrängt wie wendeltreppenähnlich standen.

517 4051 3204 213 Erste Siedelungen (kwa Dindiri) kurz vor d. Bahn, die ich

433 4197 2764 302 bei km 115,6 wieder erreichte. Lager beim Jumben

2987 4189 360 160 Makuka

3195 4227 538 200 in Duati

450 4382 3394 197 (km 114). Entließ d. Jumben mit reichlichem Bakschisch. Um 12¼ zurück.

592 4531 1805 234 Wieder sehr gutes trockenes Wetter

575 4691 3275 188 Reis geht zu Ende, schicke daher d. Träger morgen zu Fuß nach Haus.

543 4781 514 223 Ablöhnung.
