4292 5213
261 254 288 200 106

507 256 3353 309 24.II. Über Nala, eine Nase des Plateaurandes aufwärts.

475 443 3425 232 Angenehmer Anstieg, leider wieder ohne Aufschlüsse außer

449 598 3403 219 d. üblichen Newala-Sandst. unter der Höhe. Schöne Rückblicke

485 740 3425 227 auf Liputi u. Talseite gegenüber Kaisers Pflanzung, woran

457 880 3375 247 Orientierung möglich. Gneißgebiet-Kuppen in großer Ferne

467 1025 3341 232 recht dunstig u. unklar. Steilabstürze unter Mtshingiri gut sichtbar. Auch

495 1204 3407 278 d. Schwarzen konnten sich dem Eindruck der Fernsicht nicht entziehen.

500 1401 3452 248 Auf Plateauhöhe weiter, plötzlich tat sich ein gewaltiger Erosionskessel

528 1504 3458 307 unter unsern Füßen auf, in dem ich die Schluchten über Lutamba

512 1759 3251 222 vermutete. Es war aber der Ursprung des Nyengedi. Groteske

496 1873 3423 275 Formen in Grün u. Rot mit einigen winzigen Hütten in dem

503 2031 3433 191 Chaos. Weiter bis zu größerer Ansiedlung, ca ¾ Std. vor d. Jumben

530 2150 3238 303 Bakari bei einer Missionsschule. Da von hier  Barrabarra

566 2336 3239 222 über Rubiágire nach Lutamba, schlug ich beim Karani d. Zelt auf,

552 2533 3243 232 obwohl erst 8½ Uhr. Die nassen Füße waren in der Höhenluft

525 2639 3291 265 kalt genug, um sie in d. Sonne zu strecken. Mittags um 2

544 2796 2030 253 nur 28° bei ständig klarem Himmel.

710 2926 2976 267 Morgens waren nicht genug Träger zur Stelle; der Karani hatte

491 3121 3251 206 behauptet, seine Leute seien durch Hunger geschwächt. Ich hielt das

516 3249 3290 233 nicht für unmöglich, ließ aber d. Karani höchstselbst „zur Strafe“

503 3388 3485 193 eine Last tragen, bezahlte freilich gut, doch nicht ohne eine Gardinen„

510 3512 3347 305 predigt über Pflichten des Karani u. vernünftigen Felderbau.

494 3679 3304 291 Hier oben war nämlich reichlich Essen (Kürbisse u. sogar schon Mais),

488 3837 3480 286 woran zwar hauptsächlich die günstigen klimatischen Bedingungen

518 3968 3269 285 schuld waren, doch sahen die weiten lückenlosen Felder auch

511 4146 3485 280 tadellos sauber aus im Vergleich zu den winzigen Fleckchen,

530 4294 3026 287 die man im Tal zwischen Gebüsch u. Wald verstreut sah.

642 4444 3210 252 Nachm. 3 Uhr nordwärts über eine Stde. bis zum Plateaurande,

476 4583 3399 229 wo man von der Hauptbarrabarra aus d. Lutamba sehen sollte.

465 4787 3399 222 Indessen alles verwachsen, geologisch nichts, nur die Karte schien mir
