4292 5214
3893 244 86 120 27

426 310 3463 163 18. Juli: Morgens an d. Gräben in Kindope, die bisher

474 463 3456 179 nichts liefern. Zurück unterhalb des Tendaguru am

380 635 2925 198 Plateaurand. Brannte teilweise im Tale.

502 837 3232 203 19 Juli: Janensch nach Ubolelo gezogen. Ich den

455 1005 3380 219 Kitukituki-Bach abwärts, durch furchtbares Dornge„

419 1187 3508 186 strüpp bis in abgebrannte Niederung. Sahen Spuren;

437 1429 781 91 während ich

1223 1347 179 62 laut

1218 1351 2674 135 m. meinem törichten Begleiter stritt, ob

476 1480 3475 226 Elenantilope od. Büffel, hörte ich etwas, drehte mich

454 1658 3310 209 um, sah ein riesiges hellgraues Tier auf uns zu„

483 1801 3340 243 traben u. schoß, als es keine 15 m. entfernt war.

497 1952 3410 254 Erst hielt ich es für elephas, dann für Büffel, dann

530 2119 3421 258 für Elenantilope. In welchem Stadium ich schoß, weiß

452 2333 3381 216 ich nicht, da alles in einem Augenblick geschah. Ich

513 2508 3087 232 folgte, schoß mehrfach, um es nicht zu verlieren.

477 2686 3435 214 Schließlich stand es frei, ein dicker Blutstrahl sprang

511 2850 3346 235 aus der Seite, zwei Blattschüsse hatten getroffen, ich

531 3033 3320 234 mußte nochmals schießen, um es umzulegen u.

522 3223 3295 238 m. dem Fangschuß unangenehmerweise meine

507 3385 3287 257 letzte Kugel verschießen. Mir war der Anblick u.

509 3564 3312 263 d. Hetze greulich u peinlich, aber der erste Schuß

489 3743 3401 271 hatte getroffen. Teilweise verfolgten wir's durch

519 3915 3262 254 dickes hohes Gras. Wollte so schnell wie möglich

603 4070 3344 265 zurück, denn es war 11 geworden u. ich wollte

545 4258 3306 259 das Schächten der Leute wegen ermöglichen. Aber

642 4439 3162 273 nirgends ein Ausweg. Durch furchtbares Gras u.

642 4635 3207 230 Hügel endlich einen Weg (Kipande-Karani Ligoma)
