4292 5214
3812 171 188 152 103

476 249 3597 231 hatte. Gute Nummulitenfunde. Einzelne schwache Sattelbildungen

395 372 3397 241 u. Stauchen in d. Tertiärbänken, unter denen eine sehr

470 516 3397 257 starke (fast 1 m) u. feste guten Anhalt bot. Z. T. wie germa„

448 655 2288 305 nischer Muschelkalk im Gesamtbilde.

620 787 3326 251 Abend. Um d. letzten Mondabend zu genießen u.

540 944 3362 285 mich erkenntlich zu zeigen, hatte ich zu einer Erdbeer„

509 1074 3519 298 bowle am Platze von d. Boma eingeladen, 10 Personen.

484 1222 2712 356 Hübscher Abend, aber ziemlich teuer (50 Rps)

542 1454 2498 256 15.II. Träger vom Tendag. angekommen.

518 1578 2534 284 16.II. Begonnen Lasten zu verpacken

533 1684 3498 389 17 II. Lasten gepackt. Hübsches Tennisspiel, ich heut etwas

636 1877 2912 384 besser gespielt, aber noch immer etwas wüst.

641 1971 3369 429 Abend. Mit Behmer bei Wolff's zu Abendbrot u. Skat.

527 2224 3430 372 18.II. Lasten fertig gepackt, desgl. Gehörne für mich u.

596 2394 2456 396 Zoologen u. botanische Sammlungen.

399 2591 3479 320 Sonntag d. 19.II: Briefe an Mama. Safari zusammenge„

521 2804 3494 309 stellt. Nachm. drohende Gewitter, aber sie kommen wieder

476 2974 2103 274 nicht, der Rasen schon ganz grau.

584 3095 3411 257 Gegen Abend böse Aussichten für morgen, nachts auch bereits

507 3314 923 263 mehrfach Regen.

643 3447 3061 367 20.II. Habe mich entschlossen bis Mroweka mit

505 3702 3212 265 Boot zu fahren, wenn auch Zeit damit kaum ge„

543 3794 3271 301 wonnen wird. Wilhelm krank, muß hierbleiben,

562 4023 3247 241 Herr Schulze „pumpt“ mir einen andern Boy.

528 4147 3288 284 Wasserverhältnisse schlecht, fahre um 12h mittags mit

544 4272 3326 308 aufkommendem Winde ab nach Lichwaichwa, kann

519 4522 3360 202 aber dort keine 2  noch fehlenden Träger erhalten u.

509 4613 3415 245 muß 1½ Std. auf die Flut warten. Dann weiter bis
