4292 5214
3666 239 287 145 111

347 238 2033 274 6.III. Besorgungen, Einkäufe, Schach.

344 328 3485 392 7.III. Abds. Tennis. Nach d. Essen im Klub. Konzert der Askari-

546 618 511 288 Kapelle

383 703 3529 305 8.III: Kempner im Gouvernement abgeholt, dabei etwas in

527 865 3283 327 dortiger Bibliothek geschmökert: Bornhardt, Dantz, Suehs.

623 1075 1294 236 Tennis u. Billard.

369 1196 3568 335 9.III. Regentag. Morgens heftiges Gewitter, dann feiner

588 1370 3385 320 Regen bis gegen 11. Endlich erträglichere Temperatur.

685 1553 3080 319 Beim Zahnarzt u. im Hospital, wo mir ein

681 1722 2051 325 Sandfloh herausgeholt wird.

410 1896 3521 281 10.III. Morgens Besorgungen, dann geschrieben u. s. w.

599 2078 3174 303 Fühlte mich faul u. hatte Verdacht auf Fieber,

599 2180 3367 352 sah mich aber durch Messung von 41,3° stark über„

591 2379 3453 302 rascht. Da es nicht heruntergehen wollte u. ich keinen

560 2534 3431 336 Schweiß bekommen konnte, ließ ich im Krankenhaus

611 2715 3079 254 wegen Chinin anfragen. D. Arzt kam abends

590 2910 3117 246 selbst u. nahm Blutprobe. Vorm Einschlafen noch

536 3049 941 248 immer 39°.

819 3172 2927 293 Im Bett erhielt ich das sehnlichst erwartete

560 3413 3254 173 Telegramm von Branca: wir bekommen noch

566 3524 3337 297 30 000 M., somit ist mein Bleiben bis Dezember

578 3662 2954 332 höchst wahrscheinlich. Nun, es kann Einem

587 3859 1991 293 wahrlich schlimmeres geschehen.

454 4113 3178 231 11.III. Gut durchgeschlafen, morgens ohne Fieber.

563 4227 3283 297 Ganzen Tag aufgeblieben, auf Usagara, beim Photo„

595 4349 3403 314 graphen, im Hospital, wo Malaria festgestellt werden

581 4525 3187 268 konnte. Vormitt. noch etwas schwach, abends ganz

631 4752 596 184 normal.
