4292 5214
3910 261 56 119 99

413 309 3394 140 waren Warzenschweine, doch erschienen sie mir anfangs zu

434 463 3612 137 groß dafür. Ich ging schnell um einen Busch herum u. glaubte

433 614 3432 193 sie dort unmittelbar vor mir zu haben. Nichts! Ich gehe

456 783 3489 198 langsam vor immer weiter, immer weiter u. glaubte, sie

442 964 3387 167 seien davon gegangen, als sie plötzlich weit von uns im

489 1101 3334 201 höheren Grase Wind bekamen u. abgingen. Ich hatte die

499 1243 3424 221 Entfernung ebenso wie mein Boy überraschend unter„

505 1493 339 130 schätzt.

704 1578 3037 208 5.II. In voller Dunkelheit war bereits alles zum

504 1754 3324 189 Aufbruch fertig, aber wir mußten des miserablen Weges

489 1934 3231 184 wegen warten, bis wir halbwegs sehen konnten (4 ¼)

491 2096 3451 195 Auf weitem Umwege nach Westen über die nasse Steppe,

523 2271 3410 179 ein Flußlauf war hier nicht erkennbar. Nichts von dem

527 2462 3324 154 angeblich ungemein reichen Wild. In tiefem Morast er„

489 2640 3494 164 klärte mein Führer, jetzt wären wir auf der „sehr großen

490 2801 3365 184 Barrabarra“, die nach Ungoni führt. Ein Weg über die Berge

506 2973 3313 177 nach Mikindani direkt war nicht ausfindig zu machen

527 3148 3352 150 gewesen, offenbar dichter Busch, ganz spärliche Besiedelung

509 3318 3448 137 u. von Verpflegung kein Gedanke. Folgte also der Barrabarra

521 3484 3331 132 nach O. Ein wundervoller Marsch am Rande der gewaltigen

508 3654 3343 153 ebenen Steppe in hübscher Gebirgsumrahmung, vor uns ein

439 3829 3426 145 Riegel, der das ganze gegen die Küste absperrte. Wenn

435 3966 3572 164 hier genug Wasser wäre und dann das Tor durch Staumauer

439 4106 3413 182 versperrt! Welch herrliches Bild! Und welche Wasserkräfte!

407 4273 3539 186 Vom Kitere-See nichts sichtbar, doch wurde der Wasserstand

411 4445 3480 171 als z. Z. hüfthoch, am Ende der Regenzeit über manns„

457 4598 3378 175 hoch angegeben. Es sollte dort Fische geben, die nachts weite

375 4783 3430 143 Wanderungen machen u. bissen. Etwa die Knurrhähne der
