4292 5213
282 228 122 158 82

546 301 3349 156 Ging dann weiter, kam aber in furchtbares Gestrüpp, wo nichts zu

520 457 3444 128 sehen war, verfehlte auch die grade Richtung auf die Barrabarra

553 601 3418 136 u. kehrte über den Mtapaia zurück. Nur einen Buschbock

567 758 1724 116 u. Spuren v. Barappis gesehen.

704 946 3248 170 29 Dez: Morgens nach Mtapaia, dort u. auf d. Wege in all den

640 1090 3154 190 Gräben Abhebungsarbeiten u. Signieren. Mehrfach Regen, in

670 1248 2903 189 dem schon kniehoch werdenden Grase sehr naß,

659 1420 1924 166 Boden aufgeweicht u. klebrig.

929 1563 2875 185 Nachm. Kijenjere-Graben. Wollte etwas schießen,

649 1728 3133 175 sah aber nur einen Buschbock durch dichten Bambus, in

705 1901 1694 163 dem die Kugel fehl ging.

841 2069 3015 182 30. Dez. Morgens einen Bachlauf aufwärts, weil

697 2230 3084 192 mir aus den Trig.-Schichten typische Nerineenstücke

722 2390 3037 173 gebracht waren. Fand auch noch viele Blöcke, leider

682 2521 3220 195 nirgends mit Sicherheit das Anstehende. Am Ufer oben

667 2668 3201 182 Sandsteine von grobem aber gleichmäßigen Korn m.

644 2824 3121 203 Trig. Beyschlagi, darunter „Übergangsschichten“. Weiter

636 3008 3227 187 zum Mtapaia-Fluß wegen des Ooliths, aber d. Vege„

617 3176 3148 173 tation verbirgt schon viel. Kein Wild, starker Nebel.

644 3327 3069 172 Im Graben von Aa gezeichnet. Janensch angekommen,

633 3460 3223 177 bringt Post, dann zusammen zum Graben in Kijenjere,

634 3624 3067 158 wor wir zu unserm Erstaunen Schädelreste (Knochen m.

622 3789 3027 134 Zahnbruchstücken) entdecken. Recht heiß. Um 1 zurück.

651 3915 3163 195 Bleibe wegen d. Schädels u. eines Stegos.-Fußes eine

627 4074 2942 175 weitere Nacht. Janensch zurück zum Tendaguru.

704 4228 2988 183 Gejagt, eine Schopfantilope, gutes Gehörn, aber d. Tier

606 4426 1639 190 selbst merkwürdig klein.

774 4628 2918 157 31. Dez. Morgens wieder im Kijenjere-Graben, dann zum
