4292 5213
3791 244 120 96 43

512 370 3451 63 Sonntag d. 4: Langersehnter Ruhetag. Leider so

581 506 3166 154 windig, daß ich wegen des Staubes nicht

551 658 3426 172 malen konnte. Gelesen. Schach. Jan. spielt leider

559 841 3362 163 garkeine eigene Partieen mehr, weil „zu an„

529 990 3404 183 strengend“. Mir ist das Ping-Pong statt Tennis.

744 1175 3231 201 5 AugSept: Nach Ubolelo (3Std). Dortige Gräben endlich

592 1343 3363 216 auch lohnend. Abend auf Jagd, Fuduka geschossen.

594 1516 2325 212 Jetzt auch Barappi u. Bunju hier.

723 1674 3342 227 6 Aug: Zum Tendaguru zurück, Knochenstelle (schlecht)

616 1851 3087 221 in Ngwamja besichtigt. Gneiß u. Kreide endlich

608 2054 3201 156 einigermaßen getrennt. Nachm. wird uns

631 2190 3244 188 eine unförmige Puffotter bereits fast erstickt ge„

613 2351 3428 192 bracht. Wundersam komplizierte Zeichnung u. zwar

607 2513 3444 184 nicht Mosaik, sondern ohne Rücksicht auf die Schuppen„

643 2742 494 138 ränder.

845 2869 3132 167 7. Bei d. Einpackern. Recht heiß aber abends so

691 3010 3233 195 windig u. kalt, daß wir Mäntel anzogen

682 3207 1243 148 u. Kakao tranken.

853 3335 3020 179 8. AugSept. „Nordring“ Lilahi-Lilombo-Kindope.

747 3519 1516 169 Nachm. Karte gezeichnet.

669 3678 1811 210 Sonntag d. 11: Ruhetag. Gemalt

804 3864 3184 208 12. Aug.Sept Nach Mtapaia, um eine dritte Abteilung an

669 4019 3096 198 einer neu gemeldeten Knochenstelle unweit des

684 4182 3044 194 Mbenkuru anzusetzen. Zwischen dem Graben beim

681 4347 3290 187 Liwengwa, wo auch Zähne mit Knochenresten, anschei„

675 4477 3378 230 nend ein Stück Unterkieferast, zu sehen sind, u. dem

675 4669 3138 191 alten noch immer unerschöpften bei Kijenjere
