4292 5213
283 295 105 70 78

522 259 2561 210 heiß u. trocken — mit dem Vollmond!

642 434 2903 222 Nachm. M. Hrn. Schultze u. Janensch bei Skelett A.

537 670 3424 194 Sonntag d. 18. Dez: Allgemeine Jagd, Janensch am Mbenkuru

593 827 3366 240 auf Wasserböcke, Hr. Sch. auf die Mtapaia-Barappis, ich zwischen

573 1027 3058 200 Lilahi u. Lilomba hinab am Mbenkuru bis nahe der

561 1179 3186 188 Kiboko-Stelle. Leider früh dichter Nebel 2 Std. lang, ich mit

585 1334 3245 175 1 Kugel u. 1 Nguruve die größte „Strecke‟. Über Liwengwa

608 1476 3113 178 zurück, nirgends auch nur Spuren gefunden, während

696 1633 3107 213 J. u. Sch. zu Schuß auf Großwild kamen. Um 10 ½ im

673 1818 1252 197 Lager. Dann Ruhetag.

844 1940 2877 220 Cl. Viebig „Wacht am Rhein ausgelesen. Etwas breit u. ohne

666 2111 3071 185 hervorstechende Vorzüge, aber klar u. rein. Eine schön fraulische

612 2245 3198 207 Vereinigung u. Verwebung großer geschichtlicher Zeiten mit

664 2393 3138 211 kleinen lieben Menschenleben, wenn auch das Haus recht

700 2519 3201 223 anders aussieht als der Baustein. „Ut mine Festungstid‟ begonnen.

870 2720 2071 172 Wieder trocken, sehr warm, sonnig.

747 2862 3082 209 19 Dez. Hr. Sch. u. J. ziehen auf meine Empfehlung nach

631 3039 2889 218 Mtapaia zur Besichtigung des neuen Skeletts u. zum

620 3190 3219 263 Mbenkuru an d. schönen Lagerplatz vom Jussuf Manga nahe

650 3422 1903 178 dem Jagdeldorado vom Mto Nyangi.

1042 3553 1863 173 Allerhand aus d. Gräben zu retten.

762 3708 2935 187 20. Dez. Morgens in d. freie nun schon recht grüne Pori

652 3888 3169 162 zwischen Lindi-Weg u. Lipogiro, kein Wild, es ist ein Jammer.

706 4045 3061 194 Ganz zuletzt ein Puduka od. Mbawala in dichtem Bambus

697 4221 2868 184 gesehen. Schoß u. glaubte es fallen zu sehen. Aber nach

714 4421 3180 138 langem vergeblichem Suchen ein einziges winziges Tröpflein

722 4595 2956 141 Blut, keine Spur, nichts! Es ist greulich, aber kaum zu

725 4766 3056 136 vermeiden, falls man nicht ganz auf d. Jagd verzichtet.
