4292 5214
3718 320 138 145 13

428 425 2228 64 u. Sonnenuntergang. „Bata baridi.“

464 562 3466 142 6.VI: Um 4 aufgestanden, mit Kaiser gefrühstückt, der

475 729 3454 148 um 5 bei Laternenbeleuchtung abmarschiert. Hätte ihn

504 904 3389 155 gern ein Stück geleitet, hatte aber keine Beleuchtung

525 1066 3332 164 für d. Rückweg u. d. Sonne machte noch garkeine

500 1278 3471 104 Anstalten zum Aufwachen. Von d. Barrabarra aus den

474 1405 3493 205 Mtapa-Fluß aufwärts, einige gute Knochen darin. Perl„

506 1572 1765 188 hühner. Zu den Gräben.

608 1773 3402 193 7.VI. Briefe begonnen. Aufzeichnungen in Kindonde

449 1970 2595 185 u. Kimuëra wieder aufgenommen.

587 2144 3394 173 8.VI. Morgens am Wege zum Karani Ligona ein Stück

528 2328 1629 147 abwärts. Keinerlei Wild.

809 2486 1990 131 Begonnen Geographische Notizen.

723 2648 3228 148 Bismarck „Gedanken u. Erinnerungen“ beendet. Ein

498 2811 3582 155 eisernes „Landgraf, werde hart“ tönt für mich heraus.

456 2986 3552 137 Schilderung sehr angeregt u. frisch. Betrachtungsweise von

492 3158 3560 141 belebender u. lehrreicher Natürlichkeit. Zugleich ein Gang

484 3338 3256 124 durch ein Leben, das sich der eigene Wille schuf.

739 3484 3321 153 Nachricht, daß im Lukuledi-Tal keine Knochen, sondern

511 3649 1732 140 versteinerte Hölzer liegen.

609 3875 3479 140 9.VI: Morgens zum Maimbwi, dann zu allen Gräben.

522 4146 3524 56 Entfernungen, die uns vorm Jahr nur als Sonntags„

513 4273 3452 148 ausflug möglich schienen, werden zum Morgenspa„

472 4468 3530 131 ziergang. Hocherfreuliche Funde an Rumpf- u. Hals„

523 4649 3275 139 wirbeln u. a. m. Dürfen jetzt an 3-4 Stellen auf

540 4813 1938 119 Schädel hoffen. Freilich: hoffen!
