4293 5213
3883 271 132 112 39

515 392 3327 57 22. Aug: Bei S offenbar ein nicht schlecht erhaltener Unter„

555 495 3382 143 kiefer-Ast mit großer Zahnwurzel. Weitere Präparatio„

569 656 3418 158 nen verbieten sich leider aus Gründen der Sicherheit,

589 819 3458 160 sodaß wir unsrer Ungeduld Zügel anlegen müssen.

588 957 3433 151 Außerdem höchstwahrscheinlich auch Teile vom Stegosaurier,

600 1111 3311 170 der uns jetzt allenthalben verfolgt. Abend Rundgang

635 1267 2680 170 mit Janensch zu mehreren Gräben im S.

548 1461 3397 178 23. Aug: An einem Wangoni-Graben ein vom Löwen

636 1608 3061 196 heut früh geschlagenes u. nur halb aufgefressenes

610 1768 3222 202 Schwein gefunden; gestattete ihnen mit Tyrannen-

668 1917 3151 203 Willkür nur ein Bein abzuschneiden, um mit

656 2070 3247 180 dem Reste den Löwen zu ködern. An d. betr. Stelle

635 2199 3246 223 legten wir die Beute wieder nieder u. bauten

668 2364 3359 196 eine Hütte von Gras u. Laub herum, in d. schmale

688 2504 3309 211 Tür die Falle. Die Wangoni haben grade die Teile

678 2650 3259 204 mitgenommen in denen der Löwe gewühlt hat.

811 2837 2608 185 Abend mit Janensch die Falle besichtigt.

694 2962 3171 219 24. Aug: Der Löwe ist dagewesen, hat die Hütte

668 3130 3247 235 eingeschlagen u. d. Braten fortgeschleppt. Der Anker

703 3310 3252 220 der Falle ist hineingeraten, sodaß sie zu geklappt

699 3513 3180 175 war. Die Wangoni gingen abermals nach, aber er„

686 3677 3297 189 hielten nun nur kümmerliche Reste des gemein„

568 3807 3161 235 samen Mahls. Dennoch glaube ich, daß mein

698 3970 3095 222 Bedauern über die uns entgangene Beute

671 4191 1067 145 noch größer ist.

808 4284 3231 185 Ich früh nach Mtapaia. Bei Liwengwe neue Knochen„

577 4470 3458 194 stelle besichtigt. Im Pori ein Schwein schwer angeschossen.

605 4673 3422 107 Der Blutspur gefolgt, die anfangs außerordentlich reichlich,
