4292 5213
272 329 125 54 48

560 366 3200 164 Weg am Morgen im Mbenkuru-Tal durch „mein

575 525 3257 194 Jagdparadies“. Spuren von Wasserböcken, Büffel,

563 706 3225 181 Nilpferd, Elephant. Aber nur 2 Ngorombwe's gesehen,

535 875 3208 201 die mein allzu eifriger Begleiter verscheuchte, u.

587 1034 3243 208 ein Warzenschwein verfehlt. Auf d. Plateaurand

557 1190 3366 210 über Lilombo zurück. In Kindope recht schlapp, mußte

609 1424 3286 111 aber auch hier wieder neue Stellen in Augen„

587 1592 1006 177 schein nehmen.

776 1684 2999 223 Janensch meldet Hinterhaupt in Mtapaia.

796 1863 2875 275 29. Sept. Wieder in Kindope. Allenthalben

683 2014 2862 289 gute Funde. Wir fördern mehr als wir

699 2182 3152 281 verpacken können. Nahe Skelett L entwickelt

687 2377 3120 253 sich auch schon wieder eine riesige Form, des„

716 2547 2991 258 gl. in Kindope bei dem Schädel u. zw. A u. C.

793 2767 1930 203 Und immer neue Stellen!

884 2888 2798 292 30. Sept. Südring. Janensch mittags zurück

808 3074 2981 287 Lohn. u. Poscho-Zahlung mit d. üblichen anschließen„

809 3244 2893 292 den tagelangen Schauris: Wechseln, auf Sparkasse

799 3389 3008 296 legen, pumpen u. was dergl. Scherze mehr sind.

992 3644 1396 219 1. Octob. Post erledigt

923 3740 2881 331 Sonntag d. 2. Oct. Schwankte gestern zw. Ruhetag

851 3974 2964 258 u. Jagd, die shauris machen mich flüchten. Recht

857 4242 1581 170 früh über Kindope, wo

2296 4146 302 79 auf

2438 4158 1311 153 ein Schwein geschossen,

864 4383 2863 203 in's Mbenkuru-Tal rechts des Lilombo. Wasser„

860 4534 2959 227 böcke heut nicht erschienen, werde daher wie„
