4292 5213
3750 219 268 174 129

405 225 3423 220 22. April: Schickte d. Leute zum Jumben nahe d. vorjährigen

433 392 3376 273 Lager bei km. 118 voraus, 2 fundi's in den Kinkelin'schen

385 597 3503 204 Steinbruch, u. machte selbst einen Abstecher nach N. 2 Tage

436 689 3574 264 darauf zu verwenden schien mir bei den anscheinend gleich„

415 839 3548 252 bleibenden Schichten u. den mäßigen Erfolgen Bornhardt's

431 1046 3585 268 nicht angebracht, doch hatte dieser zwischen Nsundo- u. Gumba-

434 1140 3543 316 Bach einige Fossilfunde gemacht u. ich wollte Anschluß an

445 1309 3503 347 sein Profil finden. Durch dichtes Gras über den Kugu-Bach zu

456 1510 3154 283 dem alten Jumben, der mir damals die reizende

476 1566 3439 396 Ukhwere-ngoma zeigte. Da alle Leute im Felde beschäftigt,

475 1896 3423 214 führte er mich selbst. Nach 1½ Std. hatte ich nur an wenigen

470 1979 3484 273 Stellen die immer gleichen braunen Sandsteine gesehen

472 2186 3443 221 u. d. Gumba war noch nicht erreicht. Dort vermutete ich

464 2322 3163 273 aber erst d. Hälfte des Weges u. wollte lieber zum

458 2474 3367 234 Kinkelin-Bruch umkehren. Hörte jedoch, daß ich auf einem

462 2663 3323 243 östlicheren Wege zurückgehen könnte, was mir wegen der

503 2827 3460 221 im Norden v. Bornh. eingetragenen Kreidezone (Cenoman)

476 2992 3338 311 von Wichtigkeit war. Der Abstecher war sehr ergebnisreich,

499 3142 3160 296 zumal mich der gute Alte sehr verständig noch zum

537 3278 3394 332 Sude-Bache führte, wo er große Felsblöcke wußte. Auf d.

451 3437 3322 316 Wege nach O. fand sich innerhalb der Plateauhöhe, die mit

492 3666 3429 260 schönem lichten Wald u. hüft- bis brusthohem Grase bestanden

462 3817 3582 221 war (herrliches Jagdrevier, aber leider fast ohne Wild), eine größere

761 3962 339 143 Eryma!!

469 3966 3445 211 Schnecke in vereinzelter Kalkknolle, darunter feste gut-plattende

473 4095 3473 236 Sandsteine, darunter ein Gestein erfüllt mit kleinen Austern, das

487 4292 3390 233 auch meine fundi's inzwischen bei km 121 ausbeuteten, zu

425 4449 3481 270 unterst in dem nach WNW abfließenden (trocknen) Sude große

400 4620 3590 229 Sandsteinblöcke, leer aber vielfach mit Löchern wie von herausge„

427 4745 3205 255 witterten Belemniten durchsetzt. Am rechten Ufer fand ich
