4292 5213
3749 181 214 169 127

483 225 3485 256 zurückgelassen hatte, scheint infolge Todesfall,  Urlaubsreisen u.

469 373 3552 295 Personenwechsel leider endgiltig verloren. Das vorige schmutzi„

498 513 3473 289 ge Grashaus steht nicht mehr, sie wohnen aber noch immer

498 663 3181 293 so schenzi-mäßig, daß ich froh war nicht zum Essen

495 784 3526 305 aufgefordert zu werden. In d. Steinbrüchen; lange garnichts,

487 926 3548 267 dann fast ausschließlich 1 Pecten-Art gefunden, um so mehr

465 1088 3157 331 bedaure ich d. Verlust der vorjährigen Ausbeute.

612 1232 2747 267 Abend am Bahngleis Vergleiche. Nachm. kein Regen.

803 1413 3218 261 20. April. Schickte d. Träger zum nahen Mikande (Jumbe

472 1627 3378 261 Chamide) voraus, machte nochmals Aufzeichnungen an d.

475 1718 3530 325 Bahn, folgte dann u. ging gleich weiter über d. Ngerengere

522 1933 3422 311 zum gegenüberliegenden Lukosse, wo wir vor'm Jahr

515 2096 3221 315 schon Gneiß fanden. Sah mich aber in d. Entfernung

525 2214 3507 369 ge- u. enttäuscht, denn d. Fluß bildet hier bei weitem

518 2347 3326 367 nicht mehr die Grenze, sondern ich ging noch eine Std.

526 2504 3395 398 in festen bis mürben bräunlichen Sandsteinen. Grenze

511 2685 3498 376 hier wieder durch ein ca 500 m. breites Tal verdeckt, dann

496 2832 3521 299 etwas energischere Geländeformen, die d. Gneiß schon voraus

516 3003 3516 318 verraten; unmittelbar dahinter der erste kleine Inselberg.

496 3205 3411 278 Nach Mikande zurück. Flußübergang mit etwas halsbreschericher

498 3464 710 179 Brücke aus

997 3395 358 138 wenigen

1160 3346 2843 334 schwachen ungraden Bäumchen mit Bastverbindung.

527 3515 3457 285 Um 11 im Lager. Sehr heiß u. garkein Regen, was wegen des Marsches

533 3669 3219 311 an d. Bahn höchst erwünscht. Die schon vorm Jahr aufgefundene

518 3818 3484 330 Fossilschicht liefert 2 kleine Ammoniten. Abends südl. am Wege

532 3970 3359 285 entlang, wo die fossilreiche, fast zoogene Schicht, die am Ngerengere

551 4123 3395 239 aufwärts im Flußniveau ansteht, ca 30 m. oder mehr höher liegt.

519 4269 3359 294 Bei d. Einfallen d. Schichten u. dem nicht starken Flußgefälle

497 4449 3363 284 kann ich nur Verwerfung annehmen, zumal sie dort am

502 4585 3435 325 Gneiß, hier ca 4-6 km. davon entfernt liegt. Das stimmt mit
