4324 5214
335 230 603 460 140
607 279 3903 578 Aquarelliert. Abend auf Jagd, ich schoß auf ein Puduka,
546 484 3936 771 das hoch aufsprang, sich überschlug u. liegen blieb, aber
576 614 3905 878 beim Näherkommen eiligst entfloh ohne eine Blutspur
609 760 3903 1078 zu hinterlassen. Janensch schoß 2 Elen-Antilopen, die
591 972 3746 1230 die Leute in Dunkelheit u. heftigem Gewitterregen
579 1145 3156 1423 heimbrachten. Mit „kalter Ente“ gefeiert.
856 1357 3950 1554 21.II: Auf Jagd, Janensch jenseits wie gestern, an der
546 1504 3932 1813 Barrabarra, schoß ein Swalla; ich von unserm Lagerwirt,
561 1723 3833 1932 dem Karani Mfaumbe geführt, an andrer Stelle über d.
548 1882 3963 2153 Fluß in eine herrliche, weite Grasebene voll seltsamer
551 2060 3979 2341 niedriger Dorngewächse. Mir waren Giraffen, Gnuherden,
549 2264 4051 2546 Hartebeester, Swalla's u. a. m. in Mengen versprochen
573 2410 3697 2682 worden u. dies echt-afrikanische Land birgt auch
566 2564 3994 2876 sicher deren die Menge. Allein ich habe in all diesen
572 2826 3921 3038 Tagen kein Glück. Ein Hartebeest konnte ich nur bis
571 2962 3766 3242 auf mehr als 120 m. anschleichen wegen des ganz
550 3135 3757 3420 ungedeckten Geländes, dann schoß ich mit Stechen u.
551 3290 3902 3618 Auflagen. Es ging ab, hinterließ aber von Zeit zu
539 3525 4054 3752 Zeit reichlich Blut u. Fleischstückchen. Immer wieder verloren
581 3674 3693 3916 u. fanden wir d. Spur, bis wir's endlich in einer
619 3845 3939 4112 Niederung voll hohen Grases aufgeben mußten. Wäh„
578 3983 3789 4226 rend der Verfolgung wurde mir hier u. da ein
609 4214 4019 4474 Swalla gezeigt, ich sah auch flüchtig eine kleine Herde
609 4397 3755 4653 davon, wollte mich aber zunächst nicht darauf
617 4557 3902 4840 einlassen. Hernach streiften wir lange Zeit vergeblich,
