4324 5213
3664 287 3938 452 135
472 213 1787 511 nende Muschelschalen.
856 482 3611 721 121,1 im Bahnschotter Perisphincten-Bruchstück
868 611 2658 780 119,9 südl. d. Bahn Kinkelin-Bruch
508 696 3857 942 nahe 119,8 Blaue harte Bank in oder wenigstens unter
477 806 4050 1074 braunen sandigen Letten. Farbe u. Äußeres täuschend dem
476 996 3987 1269 Kidugallo-Oolithsandstein ähnelnd, aber keinerlei Oolithgefüge
464 1163 1131 1407 erkennbar.
767 1322 4067 1525 119,7 In den aus dem Bahneinschnitt seitlich herausgewor„
499 1483 4121 1753 fenen Material Pflanzenreste ohne erkennbare Form (Blätter
493 1630 3784 1898 darunter?), von Janensch angezweifelt. Einfallen ganz
474 1869 3314 2091 schwach ON.O, winzige Stauchungen u. Störungen.
802 2026 3985 2271 119,5-6 Kalksandstein fast organisch, da dicht erfüllt von
519 2166 4016 2422 Schalen, ohne daß Einzelheit zu erkennen wäre. Mit den bei
498 2348 4080 2618 Ngerengere gesammelten Fossilien zu vergleichen! Einfallen O.
547 2484 3958 2728 Zw. 119,2 u. 3. Bänke von Kalkkonkretionen (?) mit prächtig er„
677 2665 3937 2928 haltenen, zahlreichen u. sehr mannigfachen Schnecken u.
661 2841 3832 3061 Muscheln. Reiches Material gesammelt, große Blöcke wegen
627 2972 3974 3228 Gewichts zurückgelassen. In etwas höherer Bank beste Erhal„
624 3135 4014 3327 tung, da weniger dicht. Bei 119,2 rechts kleiner Bruch; ver„
624 3274 3973 3533 witterter Kalkschichten mit großen Kugelkonkretionen (keine
618 3412 3088 3714 Gerölle?) von guter Schieferung (Schichtung?)
778 3577 3885 3832 118,9 lichte, feinkörnige Sandsteine, dünnbankig, Einfallen
633 3781 1200 4041 schwach O.
742 3895 3933 4203 Bis 117,3 Verwitterungsdecke („Mikindani-Sch“?). Rötlich
627 4069 3856 4342 lehmige Sande mit zahllosen hellen Konkretionsbrocken.
625 4272 4131 4488 Durch kleine Störung hier die braunen, sandigen Letten wieder
604 4422 3848 4679 zum Vorschein. Einfallen eine Strecke weit senkrecht, aber
660 4557 3285 4785 schnell in das normale wieder einlenkend
792 4751 3990 4934 Nahe 116-117 südl. d. Bahn reiner Oolith, leider nur Probestück
567 4877 943 5002 gesehen.
1503 4878 1942 5016 (?? 1911)
