4324 5213
3871 225 4116 418 99
386 194 3923 363 ein Bach war reichlich 1 m. breit u. 30 cm. tief, dabei floß das
369 383 4072 572 Wasser sehr flink. Das Tal war hier entsprechend dicht bevölkert.
349 443 4065 689 Die ganze Bucht schien mir ähnliche Verhältnisse aufzuweisen,
354 643 3978 831 wie das Pindiro-Tal im Norden. Brachte 2 Schopfperlhühner heim,
355 801 3902 1047 das zweite schon in völliger Finsterniß vom Baum geschossen.
562 1016 3861 1190 6. Dez. Ich hatte schon gestern gehofft, an's obere Ende des Tales zu
462 1173 3957 1360 gelangen, um der drängenden Zeit wegen, zwischen Noto u. Rondo hin„
465 1324 3687 1564 durch direkt auf d. Tendaguru loszugehen. Folgte nun heut der
492 1428 3838 1637 barrabarra weiter u. entdeckte zu meinem Erstaunen am
438 1587 3889 1793 Ende d. Marsches, daß ich schon fast auf d. Höhe des Rondo war
468 1732 4001 1986 noch längst nicht d. Länge d. Tales durchmessen hatte. Vom Anstieg
458 1883 3904 2126 hatte ich kaum etwas bemerkt; in d. Meinung im Talboden
496 2007 3846 2304 zu sein, war ich über einen sehr ebenen Rücken hingeschritten,
515 2183 3910 2408 der im W. u. N. von einem breiten, tiefen, gewundenen, z. Z.
500 2266 3968 2545 trockenen u. vielfach besiedelten Tallaufe, dem begrenzt
514 2508 3932 2685 wird. Ich kreuzte d. Tal mehrmals, stieg dann wieder aufwärts u.
526 2611 3829 2837 befand mich auf dem Wimbwi-Berge bei einem Jumben. Es
510 2715 4038 2971 war vielleicht nicht viel nach 10 Uhr u. wir hätten noch weiter
507 2880 3953 3101 kommen können. Aber einmal stand uns der Aufstieg auf d. Rondo
500 3032 3827 3310 jetzt in bösester Mittagshitze bevor, ferner war hier ein sehr
514 3144 3911 3456 schöner Lagerplatz mit Blick über das Tal u. auf den Noto,
524 3304 3979 3582 endlich hörte ich, daß ich von Naholo doch nicht bis Ubolela kommen
531 3463 4020 3671 u. so einen Tag gewinnen können, und es blieb so das wildreiche
504 3603 3119 3853 Nahanga als Zwischenlagerplatz. Ich machte also halt.
663 3761 4083 3991 D. Jumbe hatte sein Haus u. die Schaurihalle mit weißem, eben„
521 3896 4055 4134 falls wie d. übliche rote aus Sand gewonnenem Anstrich versehen.
539 4101 4072 4305 Nachm. am „Jesus“ geschrieben, da ich ja nicht malen konnte. Während„
540 4225 4068 4499 dessen großer Pombetrunk im Dorfe, an dem ich meinen Leuten
521 4395 3985 4685 geringe Beteiligung verstattete, - schon damit die Übrigen nicht
539 4603 4099 4790 zu viel bekämen. Wendt hatte mir gesagt, die Wamuëra könnten beim
522 4750 3921 4977 Pambe jeden Augenblick gefährlich werden u. mir fiel nun ein,
