4324 5213
325 193 502 338 50
435 175 3842 409 an die Pflanzungen auch Tauben u. Papageien. ½ Std. vor dem
398 288 4000 580 Akiden schoß ich mein erstes Wild, ein Mbawala, nachdem es
379 496 3969 798 freilich auf den ersteren, aus größerer Entfernung abgege„
426 584 3646 870 benen Fehlschuß nur wenig zur Seite gegangen war.
565 714 3770 989 Der Akide hat sein sehr stattliches mit breiter, erhöhter
432 874 3843 1207 Barasa versehenes Haus neuerdings auf eine kleine
450 984 3695 1337 Erhöhung verlegt; man hat nun in seinem Schatten
404 1191 3897 1531 sitzend einen hübschen Blick auf Namunda u. Namyura,
405 1300 3895 1692 sowie durch die Bäume hindurch auf den Tendaguru.
399 1433 3930 1810 Der Akide hat selbst keine Schambe, doch sah ich eine ganze Schar
404 1589 3862 1919 recht gedrungener kräftiger Ziegen, die offenbar in guter
383 1733 3641 2090 Vermehrung begriffen waren. Ich wurde äußerlich sehr
443 1916 3944 2223 freundlich empfangen u. wir scherzten viel mit einander.
392 1987 3944 2304 D. Akide ist ein hübscher, selbstbewußter Mann, ob er vollstes
360 2141 3708 2424 Vertrauen verdient, steht auf einem andern Blatt. Ich
408 2252 3737 2651 schenkte ihm statt des begehrten Antilopenbratens ein
427 2356 3803 2798 Perlhuhn zum Entsetzen meiner Leute, die es gern als
480 2561 3646 2949 Zukost gehabt hätten. Hier schien reger Briefverkehr zu
480 2648 3710 3029 herrschen, obwohl Seine Hoheit selbst nur arabisch lesen
464 2843 3911 3176 können, auch stand Tinte u. Feder bereit. Für d. Tier nahm
447 2964 3937 3357 ich 2 weitere Träger an, die aber den Weg so wenig wuß„
474 3136 4011 3467 ten, wie der Akide selbst; ein über Nanundo führender
446 3305 3878 3631 ist offenbar eingegangen. Nach manchem Hin u. Her
445 3437 3901 3821 fanden wir den rechten über Kindope, der mir vom
430 3623 3923 3910 Mbenkuru an selbst bekannt war. Jenseits schoß ich wie„
451 3699 3859 4095 derum zweimal auf ein Mbawala, gab dann d. Verfolgung
431 3948 3870 4215 auf, doch war es ebenfalls nicht geflohen, Ali ging nach
418 4040 3809 4352 u. schoß es mit der Flinte. Nu d. Träger
406 4176 3806 4485 wieder ausgesöhnt; ich mußte vor Kindope noch 2
370 4324 3143 4635 Mann zurückschicken. Gegen 12 im Lager.
