4324 5213
3850 218 3956 325 3
445 190 3923 497 Vögel darauf, genannt. „Tölpel“ (Kein Abbau) Die Zahl der
412 386 2476 662 sichtbaren Vögel weniger groß.
532 555 4094 807 25.III. Küste von Aden u. westl. davon in einzelne, eine
400 748 3885 938 lange Kette bildende Anhöhen von beträchtlicher Größe u.
435 908 4067 1096 Steilheit zerfallend, gleich dahinter wieder ganz ebenes
410 1028 3945 1245 Land, erst am fernen Horizonte, kaum sichtbar weitere
425 1197 3914 1415 Gebirgszüge. Wieder deutliche, auf Sedimente hinweisende
399 1316 3706 1578 Schichtung mit Hauptfallen nach W., stellenweise in
411 1425 4013 1649 abgebrochenen Schollen steiler, an einer Stelle überschoben
442 1570 3992 1851 oder durch Lava-Erguß schief abgeschnitten. Viel sichtlich vul„
418 1708 4075 1970 kanisches Material. Gänzlich vegetationslos. Zerfallsschutt als
394 1882 4115 2124 Dünensand dem Fuße angeschmiegt und Wüstenmaterial
393 2063 4035 2340 dahinter liefernd. (Ansiedelung od. Nomadenhütten auf einer
402 2215 1661 2512 größeren Sandfläche)
666 2302 4053 2589 In Aden selbst zu großen Höhen in mehrfachen Rücken
426 2550 3969 2759 übereinander getürmt (nach der See zu einige lange,
400 2658 4084 2973 scharfe, wenig hohe Grate auslaufend.) Zu unserm Erstau„
417 2810 4109 3118 nen nur vulkanisches Material zu finden u. der Farbe
398 3008 4119 3200 nach somit für d. gesamten Höhen anzunehmen. Wiederum
394 3156 3859 3434 deutliche Schichtung, sodaß erst jetzt Zweifel an d. vorher
400 3295 3860 3573 erwähnten Sedimenten. Junge Laven, stellenweise als
425 3457 4011 3751 festes G, dichtes Gestein. An d. Straße vom Hafenort zur
389 3682 4017 3921 Stadt treten unter den gewaltigen Ergußmassen dichte
416 3874 3918 4037 erfüllte Muschel- und Schneckenbänke heraus mit kaum
394 3968 3645 4263 subrezent zu nennenden großen Formen (Taxodonta u.
363 4153 4070 4422 z. T. die Klappen noch in ursprüngl. geschlossenem Zusammenhang,
357 4284 4120 4541 keine Zerstörungen, keine Kontakterscheinung. Also wohl Erguß
387 4501 4016 4695 in's Meer (nicht aus d. Meer, sondern auf Küstenfazies) Noch in
386 4671 2837 4932 historischer Zeit? Alte Anlage der Wasserwerke
2755 4762 2879 4814 in
2837 4654 4066 4824 bereits fertig gebilde„
405 4789 967 5017 tem Tal.
