4324 5213
3797 232 4013 408 15
439 263 3676 555 im Gebiet d. Anstehenden überwiegend Sande,
457 387 3948 737 oft von Graphit u. Biotit schwarz u. dann sehr
438 576 4015 901 feinkörnig, manchmal durch Feldspäte rötlich oder
459 816 3992 1067 durch Quarze noch heller gefärbt u. in diesen
465 931 1093 1167 Fällen
826 1083 1188 1257 wenig
1047 987 4028 1249 gröber. Nacht bei einem Jumben vor
445 1160 3906 1487 Namwiranye (½ 10). Dorthin durch sehr frucht„
447 1348 3855 1645 bare, aber nasse Niederung mit Mtama,
490 1556 4030 1872 Mais, Reis u. Bananen, gelegen zwischen
516 1713 4036 2094 2 Anhöhen, auf denen strahlige, grüne Minera„
502 1919 3911 2209 lien Actinolith?) vorkommen sollen (n. Sattler).
486 2121 3979 2423 Auf eine 3te Anhöhe (niedriger) vor uns zum
499 2317 3813 2650 Lagerplatz. Große Freude einiger Bewohner
520 2499 4034 2799 beim Wiedersehen Sattlers, ein Greis hüpfte
473 2723 3983 3018 u. sang vor Freude. In der Mbenkuru-Senke
434 2863 3844 3239 (nicht - Ebene, wie ich erwartet hatte, da die
452 3101 4024 3350 vielen kleinen Rücken meist etwa senkrecht
455 3334 3973 3622 auf d. Fluß streichen) sehr viel hübsche, ja z. T.
431 3527 4030 3798 aristokratische Gesichter. Das Laub heut zum ersten
434 3634 3865 3901 Mal u. zwar häufig in herbstlichen Farben, d.
472 3785 4038 4131 Blätter beginnen zu fallen - am 1. Mai. Sehr
504 3975 3357 4306 heiß. Nachm. erster Regen seit 8 Tagen.
705 4210 3912 4533 2. Mai, Sonntag. Gegen 7 Träger zum Jumben von
448 4442 3927 4710 Ntondo vorausgeschickt. Ich mit Sattler zu dem früher
449 4548 3928 4865 von ihm (Lindi-Schürfgesellsch.) angelegten Graphit-
