4324 5213
262 220 462 406 16
536 226 4028 587 Schacht. Der Gneiß fällt nach S. O fast 40° (schätzungs„
553 414 3990 762 weise ein, die Graphitlinse (ca. 30 m. lang, 10 breit,
506 591 3895 961 stellenweis 1 m. mächtig) beißt auf d. Nordseite
548 827 3894 1066 d. Hügels aus u. wurde seinerzeit v. d. Einge„
529 943 3673 1249 borenen, die Graphit zur Verzierung ihrer
483 1101 3570 1412 Wassertöpfe verwenden, durch d. Arbeit eines
478 1282 3771 1563 Erdferkels entdeckt. Im übrigen glimmerartig in
486 1435 3766 1746 d. Gneiß d. Umgebung eingesprengt. Ich von dort
465 1623 3896 1909 auf d. Namwiranye-Berg, anfangs durch male„
512 1828 1306 2087 rische Felder
1228 1804 1849 1927 mit Hütten
1265 1824 3899 2103 , in denen die Wächter nachts an langen
455 2010 3521 2300 Stricken ziehen müssen, um Geräusche in den
430 2169 3508 2495 Pflanzungen hervorzubringen (Schellen, Klappern)
436 2341 3833 2679 zum Verjagen v. Schweinen u. Wild. Aufstieg über
485 2537 3972 2784 einen kl. Vorhügel durch dichtestes Urwaldsdickicht
462 2762 3699 3030 u Gras. Blicke auf Namjura u. Tendaguru, Mben-
434 2869 3245 3202 kuru u. Mbuiho, sowie im Süden Loanga:
708 3604 1123 3843 Loango
2752 4321 3266 4611 Mbuiho
