4324 5214
277 227 537 464 156
494 198 3915 466 Abendbrot luden. Von Knochen u. Versteinerungen
527 412 3810 603 nirgends Kunde, hier kann man auch leider
548 491 2020 797 garnicht suchen lassen.
716 611 4000 929 Wollten erst nachm. m. Materialzug nach Daressalaam fahren.
534 791 3970 1035 Plötzlich kommt ein Zug unerwartet früh durch u. wir mei„
543 922 4034 1206 nen nun die Gelegenheit verpaßt zu haben u. kündigen
547 1070 3896 1316 uns in d. Mission an. Nachher kommt der erwartete
633 1244 3901 1488 Zug ebenfalls, unsre Lasten aber nicht bereit u. der
593 1377 3907 1684 Herr Zugführer war ungnädig. Also abends in der
622 1523 3924 1786 Mission. Bei Mondschein zurück. Ich hatte die Pistole schuß„
558 1731 3921 2026 fertig in d. Hand, da in dem Laubengang nicht weit zu
553 1891 3347 2209 sehen: gestern nacht hatte ein Löwe gebrüllt.
694 2070 3951 2351 21.III: Nach Daressalaam. Janensch zu Fuß voraus, ich
515 2200 3780 2489 bis Pugu, um des Fußes wegen mit dem Nachm. Zug
525 2391 3878 2648 nachzufahren. Doch ging sich's nach einiger Zeit ganz gut
527 2547 3899 2826 u. ich hatte nicht Lust so lange zu warten. Also auf der
506 2666 3874 2944 Straße nach Daressalaam. Frischer Seewind machte
527 2847 3778 3142 das Gehen (ohne Rock) sehr angenehm. Kräftiges Tempo.
684 3035 2143 3298 Mittag im Kaiserhotel.
953 3160 3170 3380 22-23. Daressalaam. Einkäufe u. s. w.
771 3280 4022 3554 24. AugMärz: Morgens mit „Kaiser Wilhelm“ (Gouvernements-
527 3435 3813 3708 Dampfer) bei herrlichem Wetter nach Zanzibar. Fanden
501 3599 3910 3903 „Seeadler“, zwei englische Kriegsschiffe u. d. Stadt in Flag„
549 3768 3986 4113 gengala wegen - eines mohmed. Festtages. Unser
533 3968 3852 4203 Kapitän schimpfte, weil er auch flaggen mußte, die
523 4121 3692 4399 richtige nicht fand u. schließlich setzte er frech die
508 4300 3961 4603 Gouverneursflagge. Spazierfahrt m. Wagen in die Nelkenpflanzungen
682 4503 4015 4779 25. Nach Bagamoyo u. Pangani. Höchst angenehme Kabinen
531 4646 3953 4926 u. gemütliches, geräumiges Deck. Schachpartie im lachenden
