4324 5214
237 234 510 415 150
435 201 3965 560 fahren muß, u. manchen andern Pflanzer. Seltsame
479 450 3972 732 Blüten! Jedenfalls war von dem Einigkeitsstand„
453 589 4037 917 punkt der Regierung gegenüber, wie er in d. Presse
453 766 4055 1116 zum Ausdruck kommt, nichts zu merken. Das Niveau
437 933 3923 1273 der Unterhaltung erschreckend bescheiden trotz vielen
433 1142 2322 1448 Aufwands an Temperament.
689 1229 3893 1592 Angesichts der gewaltigen Gneißfaltungen im Mikesse-
483 1407 3968 1696 Gebiet hatte ich mir d. Ansicht gebildet, die Inselberge ein„
488 1564 3929 1931 schließlich Uluguru seien die noch herausragenden Reste
466 1726 3927 2058 eines gewaltigen im eigenen Schutt begrabenen
528 1897 3991 2197 Gebirges (etwa nach Analogie des mexikanischen Plateaus)
542 2124 3920 2404 Ich sah aber heut auch im ebenen Gelände an Bahn„
546 2215 3809 2532 einschnitten häufig anstehendes Gestein statt Schutt,
544 2435 2650 2749 muß also wohl weiter suchen.
798 2514 3825 2857 8.III: Janensch mußte auf's Bezirksamt, wohin ich
557 2729 3859 3062 ihn begleitete. Ich folgte dann der herrlichen Straße
540 2871 3760 3150 über die Villen (es kommt mir vor als, sei ich
541 3048 3764 3300 in einem Badeort des südl. Tatra-Randes, die
574 3170 3947 3495 Mission sieht aus wie ein vornehmes Hotel) auf„
542 3322 3971 3616 wärts, meist noch im Schatten, bis zu ein paar
577 3468 4037 3811 prachtvoll gelegenen Hütten,  wo aus noch größerer
566 3626 3998 3958 Höhe die Sprengungen der Glimmerbergwerke herü„
562 3758 3857 4106 ber dröhnten. Blick auf die Vorberge im Süden
556 3898 3996 4309 durch üppige Vegetation. Zum ersten Mal in Afrika
578 4109 3948 4480 ein größeres Streckchen Weges ganz allein, auch ohne
556 4254 3901 4669 schwarze Begleitung, da Boys u. Träger zu Fuß vor„
607 4414 3860 4832 ausgeschickt. Die Einsamkeit in der grandiosen Natur
