4324 5214
282 237 521 468 154
479 231 3825 528 Abends am Austritt des Mlali-Tals aus d. Gebirge an
441 437 3807 708 einem Dörfchen Zelte aufgeschlagen. Bezaubernder
468 582 3923 819 Blick auf das Gebirge. Am Mgeta jenseits der Mission
447 693 3965 1060 seltsames Gneißvorkommen, wie allenthalben mit Gra„
489 947 1442 1188 naten gespickt.
748 991 3981 1327 15.III: Wagen d. Hotels erst weit am Wege getroffen,
531 1181 3983 1479 als wir bereits eine ganze Strecke mit Hrn. Neitzke gefahr„
561 1313 3989 1632 ren waren. Dann samt diesem, dem Wirt aus Mrogoro
552 1534 3892 1829 Hrn. u. Fr. Schwarz auf der Pflanzung von 2 Herren
574 1603 3969 1912 besucht, die wir nicht kannten, die auch nicht anwe„
538 1765 3898 2119 send waren, was d. Schwarz nicht hinderte uns
495 1907 3930 2262 gastlichst zu empfangen. Fahrt nach Mrogoro. Abend
557 2056 3721 2360 mit Materialzug u. wenigen Leuten nach
553 2210 3907 2547 Station Mkatta. Schon ziemlich dunkel. In d. großen
612 2364 3965 2683 Stationsgebäude leeres Zimmer erhalten. Nachts
651 2548 2412 2837 von Moskito's durchlöchert.
759 2692 3996 2987 16.III. Obwohl mein Fuß wieder kräftig schmerzte,
587 2848 3857 3220 auf Jagd in die Steppe links vom Fluß, Janensch
597 3042 3869 3370 südl., ich nördl. der Bahn. Gnuherde, aber Gewehr
567 3201 3974 3515 nicht zur Hand. Steppe mit den fernen Uluguru- u.
576 3333 3999 3638 Usagara-Bergen ein neuartig-schönes afrikani„
580 3567 3890 3841 sches Charakterbild. Nachm. Janensch nochmals auf
597 3723 3973 4043 Jagd, ich mußte zu Haus bleiben. Am durchkom„
595 3830 3793 4173 menden Personenzug Bier vom Eis, hat ein
589 4030 3792 4308 Stanley seinerzeit hier nicht gehabt. Und doch ist es
590 4181 3906 4492 auch schön, wie der Zug in die einbrechende Nacht
572 4296 3934 4636 u. den - einstmals dunklen Erdteil hinein„
558 4550 1025 4813 saust.
