4324 5213
3784 200 3981 350 35
371 283 3967 493 kaufen. Trefflicher Erfolg; unser Kerani empfängt d.
348 396 4081 677 ganzen Tag Träger m. Reis, Mehl, Mtama u. andern
336 667 1063 892 Dingen.
617 707 4112 1049 2. Juli. Post trifft endlich ein, aber noch keine Zeitun„
417 973 730 1226 gen.
568 1069 2100 1390 3. Juli. Poscho-Zahlung.
456 1272 4075 1596 Sonntag d. 4. Juli: Vorm. m. Janensch über Kindope zum
454 1447 3942 1723 Mbenkuru (ohne Aufenthalt 1¾ Std., angeblicher nächster Weg
434 1618 3829 1934 zum Flusse.) In Kindope (mir bereits bekannt, aber jetzt nach
411 1739 4008 2103 Ernte u. Abbrennen freier) hübsche Bilder. Affenbrotbäume,
422 1886 4146 2256 Papageitauben, eine ausnahmsweise schöne Muëra-Familie
425 2081 4020 2306 m. Kindern photographiert. Beim Abstieg in's Tal unge„
419 2245 4029 2516 mein fossilreiche Schichten m. Ammoniten entdeckt. Der
407 2360 3967 2685 Fluß sah aus wie ein kleiner, stiller Teich; das ist der
436 2496 4014 2831 Beherrscher unseres Stromgebiets! In d. Bohnenfeldern un„
443 2621 3984 2966 zählige große, schwarzrot, z. T. schwarzzelb gestreifte Käfer.
411 2829 2576 3163 Ein interessanter u. schöner Marsch.
729 3003 2610 3205 Nachm. Zeitungen erhalten.
378 3053 3558 3314 5. Juli: Dr. Janensch findet ziemlich reichliche Ganoiden-Schuppen unweit des Lagers.
561 3140 4054 3462 7. Juli. mit Boy Ali u. Führer auf d. Wege nach Mtapaia 1¾
367 3345 4000 3601 Std. bis zu einem neu gemeldeten Knochenfundpunkt,
399 3488 4127 3797 der sich bestätigt u. weitere gute Hoffnung bietet. Ngorombwe
399 3633 3986 4024 gesehen, aber im Grase wieder verloren. Durch gestern
418 3833 4021 4112 ausgebrannten Wald gekommen, wenig schön in der
396 3950 3949 4335 schwarzen Asche des Grases u. d. weißen der Baum„
406 4148 3853 4486 stämme, aber gute Durchsicht u. leichter Weg. Von den
371 4333 3985 4668 schwelenden Hölzern steigt weißer Rauch auf u. er„
397 4474 3921 4755 weckt Erinnerungen an Bilder von Fumarolen auf
358 4638 3782 4995 schwarzer Lava. Zum Flusse Mtapa an d. Barrabarra; eigenartig
