4324 5213
3642 97 3815 293 53
351 273 3979 474 da ich sie nicht eher zu besitzen glaube, ehe sie wohl ver„
322 345 3896 667 packt liegen. Er schiebt es immer wieder hinaus. Soll
331 510 3951 787 eine neue Stelle in Angriff genommen werden, so
329 694 3957 1027 muß er erst „überlegen“, was recht lange dauert u.
317 858 3966 1177 d. Arbeiter müßig macht, u. doch ist es ziemlich gleich,
316 1032 4005 1335 wo u. wie gegraben wird u. die Funde selbst geben
356 1178 3807 1471 nachher doch eine andre Richtung. Eine Arbeit zu
344 1285 3928 1721 Haus abzuschließen war ihm nicht möglich, es sollte
374 1530 3982 1858 auf dem Dampfer, dann in Lindi geschehen u. sie
348 1663 3963 1982 wurde bis hierher mitgeschleppt, immer fühlte er
355 1871 3793 2226 sich nicht „in Stimmung.“ Das Unglaublichste darin
346 2003 4051 2357 leistet er im Briefschreiben, ehe er dazu kommt, sei„
391 2187 4060 2520 ne Vorbereitungen trifft u. die Kleinigkeit erledigt,
369 2333 3795 2644 können Tage vergehen, nie kommen die Boten
351 2559 4025 2794 morgens rechtzeitig fort. Wir hätten längst mit topo„
375 2684 3971 3013 graph. u. geolog. Aufnahmen beginnen können u.
342 2808 3882 3121 sollen - der Theodulit schlummert noch in Lindi
353 2954 4072 3273 trotz mancher Anzapfung meinerseits. Er wollte nachts
353 3112 4098 3485 eine Falle f. Insekten u. Schmetterlinge aufstellen,
351 3296 3993 3570 ein hübscher Gedanke, seine schon ansehnliche Samm„
378 3416 4075 3768 lung zu verfvollständigen; Neumond im Juni sollte
382 3605 4042 4016 sie aufgestellt werden - er brütet noch heut über
456 3781 3998 4193 Zeichnungen, Entwürfen, Anfängen, obwohl er meinen
440 3955 3871 4336 ihm in 10 Min. aufgezeichneten Entwurf gleichfalls
449 4104 3902 4530 brauchbar fand. Nach fast einem halben Jahr hat er
432 4341 3906 4684 noch kaum etwas von der Umgebung gesehen u. ich
485 4471 3920 4823 habe ihm meine beiden kleinen Ausflüge abrin„
437 4663 3826 5016 gen müssen. Um nicht unbescheiden zu sein, muß ich
