4324 5213
413 230 624 397 144
529 202 4017 502 aber immer noch d. Troß dicht auf d. Versen, so daß
517 435 3854 741 ich mich nicht auf Jagd, Versteinerungssuche od. Stiefel
532 571 3791 895 wickeln (des Fußes wegen) einlassen konnte, ohne
547 843 3994 1074 daß d. ganze Rasselbande gleich wieder voraus war
593 946 3761 1240 u. d. Wild verscheuchte. Beim Anstieg beobachtet:
967 1097 3331 1419 zu oberst: Harte Bänke, Einfallen O.
1751 1263 3905 1538 Muschelreste in Sandsteinen Austern!
1725 1397 2984 1693 Rote lehmige Sande
1722 1593 2891 1856 Harte Sandsteine.
718 1722 4002 2030 An Einschnitten glimmerreiche, sandige Letten u. roter
719 1905 3895 2182 Tonboden wechselnd (darin zuweilen Einfallen W?)
694 2078 4016 2350 Stellenweise Boden bedeckt mit Kies aus Quarzen
695 2280 4036 2512 u. dunkelroten, glänzenden Steinchen (Roteisen, Bohnerz?)
900 2415 3861 2713 Am rechten Ngerengere-Ufer schöner Aufschluß:
677 2603 3952 2863 tonige Schichten mit gleich starken, aber dünnen Letten
702 2815 3775 3039 als Zwischenlagen, die minimales Einfallen NW.
733 2971 3883 3209 erkennen ließen. Furchtbar schmutzig u. naß, konnte
764 3119 2473 3375 nicht nach Fossilien suchen. J
969 3242 3810 3529 Janensch fand oberflächlich in Deckschicht ein rotes
720 3414 3719 3701 Gestein mit mehreren kleinen Belemniten.
752 3593 3778 3871 Streichen aller Schichten am Wege NO. In einem
692 3849 3963 4083 Hügelzug, der schöne Blicke auf d. fast ebene Land
725 3977 3986 4236 nach allen Seiten gewährte (Kungwe durch Wolken
738 4108 2525 4377 verdeckt) einige Kalklagen.
927 4239 3940 4553 Gegen 11 beim Jumben Biro Lager bezogen. Trotz
2240 4404 2616 4528 Sabiro
691 4452 3919 4711 nur 3½ Std. Marsch ermüdet durch Gradheit der Straße
707 4606 4073 4918 u. sehr schwieriges Stampfen in d. feuchten Niederungen.
