4324 5214
326 207 565 436 124
544 188 3919 458 was alles aus den Negern zu machen ist! Und
544 349 4042 684 diese Art Musik ist ihnen doch wesensfremd. Hörte
595 535 3961 848 mit größtem Genusse zu, besonders beim Choral.
757 691 3930 1011 Nachm. Gewitterregen. Abd. Im Biergarten, echt
3545 644 3985 852 deutsch
945 851 4066 1254 31.I u. 1.II. Nicht viel gelaufen der Verdauungs„
652 1073 4076 1449 störung wegen. Auch Diät bei den hiesigen Genüssen
589 1276 3908 1619 eine böse Pflicht. Montag Sattler abgefahren.
1749 1454 3482 1691 Einkäufe, Zahnarzt u. s. w.
863 1534 3876 1861 2.II. Nachm. mit Janensch schönen Spaziergang
591 1723 3967 2028 durch die Promenaden an der See. Abd. Wir beide
612 1894 3970 2240 im Offizierskasino eingeladen, große Korona, sehr
602 2075 3702 2453 vornehm, die Messe kühl u. luftig, aber ein
619 2263 3942 2640 wenig steif, unter den Militärs einige auf„
620 2474 3826 2838 fallende Flachköpfe, doch auch ein interessanter,
607 2691 3926 3030 weil interessierter Mediziner, vorzügl. Tafel„
603 2935 3581 3230 musik der Askari-Kapelle. Mittags Schach.
898 3135 1206 3388 3.III.
1368 3070 3084 3272 Morgens in den Promenaden
1164 3099 3956 3435 Wollte abds. Spaziergang machen, ver„
682 3286 3872 3575 lor aber durch Janensch's fabelhafte Entschluß„
669 3491 4014 3827 unfähigkeit u. Langsamkeit eine Std. der besten
763 3684 3813 4029 Zeit. Mich kann das jetzt so ärgern, bin ich
692 3888 3856 4172 denn nervös geworden. Nach Sonnenunter„
660 4107 3957 4426 gang auf den Promenaden mit dem schönen
674 4299 2527 4598 Blick auf d. Puguberge.
818 4421 3776 4827 4.III. Morgens 725 ab Daressalaam mit der
