4324 5213
3769 211 3960 427 63
327 212 3711 392 loch, zu den die Weiber weit aus d. Tale heraufsteigen
337 317 3774 566 müssen, lag in gelblich-grünen Tonen, wie ich sie noch nicht
356 453 3919 691 wieder gesehen habe. Die Weiber u. starken Tättowierungen
360 633 3896 916 u. Schnabellippen, andre jüngere (wie man behauptet noch kin„
386 790 3817 1016 derlose) mit dem „Wandonde-Abzeichen“ im linken Nasen„
437 904 3764 1246 flügel. Ich bin mir noch nicht klar, ob es wirklich ein
422 1069 3893 1326 Stammesabzeichen darstellt (oder darstellte, denn jetzt ma„
409 1169 4091 1547 chen es d. Muëra-Frauen nach, weil sie oft ausgelacht werden)
426 1415 3861 1717 Nahe am Wege Trümmer eines Saurierskeletts gefunden.
450 1591 3818 1916 Höre, daß d. Eingebornen da an d. Knochen d. Sage eines
442 1753 3896 2085 früheren Tieres namens Majimwi (mëra: ma'imi, yao:
457 1868 3923 2173 mazimwi) knüpfen, die offenbar schon älteren Datums ist
388 2103 2214 2420 (mein Boy bestätigt mir, sie
2046 2039 2524 2167 d. Namen
2161 2012 4022 2273 schon vor unsrer Ankunft gehört
468 2210 3992 2593 zu haben, während mir d. Akidah jenseits d. Mbenkuru er„
501 2349 3953 2756 zählte, niemand habe bisher von den Knochen gewußt),
476 2569 4062 2956 Es habe Menschen gefressen, die sehr viel größer gewesen seien.
508 2741 3966 3113 Boheti giebt mir auch Auskunft über die Schlangensage, die
478 2915 4039 3234 nicht damit zusammenhängt, vielmehr eine Art Sintflut ver„
458 3208 807 3420 tritt.
583 3258 3928 3598 Auch bei Graben IX finde ich d. knochen- u. belemniten„
446 3426 3977 3797 führenden Konglomerate über den Saurierschichten u. denke
447 3616 3977 3853 an d. hochliegenden Trigonien-Schichten auf d. Tendaguru u.
441 3804 2042 4092 am Wege nach Matapua.
591 3901 3959 4241 Abend. mit Dr. Janensch auf Tendaguru zum Vollmondauf„
419 4117 4016 4422 gang, ein Schauspiel, das d. Sonnenaufgang eigentlich noch
419 4331 1002 4558 übertrifft.
634 4476 2060 4757 Poscho- u. Lohnzahlung.
621 4697 2502 4957 Wieder meine Verdauungsstörung.
