4324 5214
3804 187 4011 347 25
474 228 3851 469 Nachm. u. Abd. Schach. Zum Sonnenuntergang auf d. Berg.
373 395 3891 707 22. Mai Weiter präpariert. Im Graben eine Feldmaus
362 591 3908 890 gefangen. Dr. J. fängt eine höchst interessante Heuschrecke
349 765 3977 1074 (Anpassung an Blume. Hinterleib aufgewölbt, um Rundung
372 969 3890 1213 herbeizuführen, Kopf kelchartig nach unten zugespitzt, Fühler
366 1092 4092 1390 als Staubfäden frisiert; eine prächtige Idee!) Suchte d. Farben
364 1233 3657 1536 m. Aquarell festzuhalten. Besuch d. Jumben Omari.
475 1396 4104 1669 Posho-Zahltag. Gegen Abend m. Hrn. Besser u. Dr. J. ¾ Std.
443 1599 3755 1822 auf d. Weg zum Kerani Ligoma, wo ich schon 2 mal
404 1747 3850 2009 Rebhühner beobachtet hatte. Sahen sie auch heut, ohne
419 1922 2474 2174 indes zum Schuß zu kommen.
656 2059 3802 2343 Im Chamberlain (Grundlagen d. 19. Jahrh.) geblättert.
448 2243 1967 2493 Wolkig u. regendrohend
406 2360 4011 2691 Sonntag d. 23. Vorm. m. Dr. J. am Maimbui-Fluß.
689 2561 4125 2860 Im Chamberlain gelesen. E. Th. Hoffmann („Menschen
415 2744 4100 3036 u. Nächte“) begonnen. Ein guter Sekt, doch ist auch hierin
419 2915 4004 3115 ein einfacher guter Wein meinem Geschmack lieber.
576 3053 4099 3346 Abend auf d. Tendaguru. Früh zu Bett (ausnahmswei„
378 3253 1339 3553 se kein Schach)
605 3405 4067 3718 24. Mai: Graben ausgemessen u. skizziert. Dr. J. photogra„
3086 3555 4079 3748 phiert d. gr. Humerus.
589 3566 3026 3880 25. „ Dr. J. wieder etwas unwohl.
594 3699 3909 4057 26. „ Magazin f. d. Knochen fertig gestellt. Schach
449 3930 3762 4158 m. Hrn. Besser. Im Graben III ein Zahn gefunden.
641 4087 4101 4389 27. Mai. Morgens im Lager photographiert. Dr. J. hat Fieber.
1441 4274 2288 4448 Post aus Europa.
621 4245 3962 4514 28. Mai. Vorm., während Hr. Besser auf Jagd u. Dr. J. zu Bett,
420 4407 4070 4692 an d. Falle gerufen, wo sich eine Tibetkatze gefangen hatte. Mit Ali
435 4570 4104 4845 zusammen durch mehrere Schüsse erlegt, um d. Qualen möglichst
417 4704 2403 5001 abzukürzen. Brief an Mama.
