4324 5213
397 185 590 375 92
594 188 3931 466 24 Nov. Beginne mit mehreren Leuten Skelett I am Wege
502 361 4015 633 nach Mtapaia abzuheben. Unter dem Sonnensegel arbeitet sich's
522 483 4030 738 bequem bis Mittag. Unter d. abgehobenen Knochen finden sich
554 669 3930 873 weitere gut brauchbare Sachen. Inzwischen einen Jagd„
560 760 3850 1064 abstecher gemacht: wollte eigentlich nach W. auf Barappi's,
570 895 3869 1168 wurde aber von Kanga's nach d. Mtapaia-Flusse gezogen,
602 1067 3872 1366 an dem ich wieder schöne alte Schamben, aber merk„
627 1204 3902 1452 würdigerweise kein Wild darin finde. Nur 1 Perlhuhn
645 1400 1196 1627 erbeutet.
660 1510 3837 1803 25 Nov. Janensch war ganz früh üb. d. Maimbui auf
559 1694 3870 1928 Barappi gezogen (wieder ohne Erfolg, obwohl er zu Schuß kam).
579 1815 3917 2124 Als ich kaum mit Anziehen fertig war, meldete Boheti
595 1962 3857 2217 einen Löwen in d. Falle unten an d. Barrabarra.
627 2154 3863 2417 Ich zog sofort hinab, voll Freude, daß mir eine so
589 2261 3951 2554 seltene u. unerwartete Beute in d. Hand fallen
582 2478 3699 2768 sollte, fand aber nur einen Leoparden, der zu
564 2580 3938 2846 meinem eignen Erstaunen auf d. ersten Schuß fiel,
577 2727 3978 2980 obwohl ich ihn im Dickicht nicht gut sehen konnte u. von
577 2887 3990 3153 vorn zu fassen kriegte. Zweimal hatte mein Gewehr
627 3011 4001 3261 wieder versagt, beim Löwen hätte mir das schlecht
628 3261 3919 3443 bekommen können. Der Chui hing nur noch mit
589 3336 3958 3568 einem Hautfetzen in der Falle. Da ich grade unten
614 3486 3914 3702 war, durchstreifte ich den Talboden unten am Plateau„
608 3622 2982 3885 rande, bekam aber nichts zu sehen.
709 3844 3820 4029 26 Nov. Früh nach Kindope-Mtapaia aufgebrochen bis zum
554 3947 3850 4192 Ndogolo-Wechsel, bekam nichts zu sehen. Dann beim
551 4097 3946 4378 Rückweg kurz nach einander ein Warzenschwein
582 4239 3925 4465 Ngorombwe u. Puduka geschossen. Weiter am „Mta-
615 4396 3841 4643 paiasaurus“ abgehoben. Bereits 13 Lasten fertig. Mehr„
613 4548 3904 4801 maliger Regen. Schon in d. aller Frühe Regen u. da
