4324 5213
3688 179 3970 339 161
436 236 3999 622 fast war es im Schatten des kühlen Hauses beinah zu kühl.
571 433 4063 730 Auf einem Abendspaziergang wollte ich einen andern Weg
493 591 4099 905 gehen u. kam in ein menschenleeres Tal. Die Dunkel„
428 749 3953 1128 heit stürzte förmlich herein u. nur ein Dauerlauf
474 914 4017 1316 auf gleichem Wege zurück schützte mich vor einer Nacht
432 1082 3977 1408 im Freien Nun war mir warm. Die Leute gehen hier
456 1271 3414 1636 allenthalben öffentlich mit Pfeil u. Bogen.
597 1486 3899 1766 9. Marsch nach Matschewa. Erst ein Seitental aufwärts
529 1727 3875 1978 bis zur Wasserscheide, dann ständig abwärts, z. T. recht
516 1846 4000 2158 steil. Ein gewaltiger Weg. Ein Jumbe zeigte mir einen
522 1999 3804 2327 Strauch, aus dem sie ihr Pfeilgift machen, er nannte
525 2187 3893 2510 ihn mchungu, den bittern. Schöne Gebirgsbilder, doch als
526 2355 3914 2644 der Weg kein Ende nahm, verlor er an Reiz. Ich war
560 2541 4088 2837 zuletzt ganz auffällig matt. Bötzow setzte mir „Weißbier“
543 2721 3919 2992 (Sekt) vor, das in der Tat gute Dienste tat. Das imposante
596 2916 3981 3201 geschmackvolle u. mit sehr reichen Mitteln ausgestattete
554 3039 4027 3364 Gebäude liegt schön an höchster Stelle der Gummipflan„
564 3203 3789 3549 zung mit den Blick auf einige  nahe gewaltige
578 3426 3867 3670 Bergspitzen, die steil aus der Ebene aufsteigen. Nach
572 3568 3890 3823 d. andern Seite hin beginnt bei Sümpfen die breite
539 3738 3901 4023 Senke, welche  Ost- u. West-Usambara trennt. als un„
598 3946 4021 4167 deutliches Tal. Auf einem Spaziergang Bogenschießen mit
530 4075 3916 4372 Kindern veranstaltet. Die Künste waren nicht groß.
567 4294 3915 4512 Auch Bötzow's Fahrrad benutzt, aber in d. Tropen doch
547 4377 4140 4666 ein zweifelhafter Genuß. Sehr nett aufgenommen, leider
542 4527 3807 4772 wieder arge Verdauungsstörungen in d. Nacht vor dem
515 4726 1030 4996 Abmarsch.
