4324 5213
272 191 445 404 68
407 184 3898 499 Mangel an Rührigkeit zeugt. Meine Begleiter hörten wieder
480 315 3874 619 3mal einen Löwen brüllen, der sich jenseits des Mbenkuru
505 427 3950 789 herumtreiben u. gestern einen Menschen geschlagen haben soll.
527 631 3985 917 Ich vernahm nicht das Geringste wie gewöhnlich. Man ver„
526 733 3998 1047 wies uns zur Jagd in die Ebene hinab u. in d. Tat hielt
523 911 3771 1268 sich am Abhange selbst offenbar viel Wild auf, in der
507 1049 3920 1373 freien Fläche, die ich schon längst einmal hatte betreten
512 1170 3977 1503 wollen, war nur eine Eule in einem Baume zu sehen.
541 1334 3820 1656 Schoß ein Warzenschwein u. kehrte über die Quelle am
506 1521 2264 1864 Fuße des Tendaguru zurück.
857 1622 3817 1931 Am Aquarell weiter gemalt. Mit Janensch das von
561 1736 3918 2128 den Wangoni's gut herausgearbeitete mächtige Skelett be„
563 1938 3973 2289 sichtigt, das bisher gegen 10 Rumpfwirbel nebst ungeheu„
552 2082 3870 2390 erlichen Rippen, sowie 4 sehr abenteuerliche u. wert„
614 2265 2291 2543 volle Halswirbel aufweist
805 2445 3928 2702 20. Sept. Vorm. Beckenknochen verschiedener Gräben ge„
619 2627 2617 2892 zeichnet. Einige Regenfälle
977 2701 3865 2941 Abds. auf d. Tendaguru. Janensch glaubte einmal
456 2876 2303 3128 Wetterleuchten wahrzunehmen.
850 2971 3864 3272 21 Sept. Wieder mit Ali auf Suche nach dem Lilaj
504 3165 3931 3430 ausgegangen, wieder ohne Erfolg, doch bestätigt sich nach
498 3285 3916 3588 den Spuren zu urteilen der Reichtum dieses Reviers
497 3431 3759 3717 an Barappi's u. anderm Wild. Schoß 2 Tauben. Die
514 3577 3317 3935 Arbeitsplätze am Wege nach Mtapaia besichtigt.
717 3734 3699 4032 Nachm. mit Janensch den Knochenfund im nahen
526 3906 3920 4205 Kitukituki-Bache besucht. Janensch's Annahme, daß wir
564 4120 3988 4342 es nicht mit Verwerfungen, sondern mit einem mehr„
540 4217 4002 4510 fachen Wechsel von Konglomeraten, Sandsteinen u. typischen
556 4376 3885 4682 Saurierschichten zu tun haben, gewinnt an Wahrscheinlich„
549 4538 3832 4843 keit. Mir selbst ist es ungeheuer sympathisch zu sehen,
