4324 5213
325 194 488 361 38
480 190 3864 481 auf mächtigem (2-3 m) Alluvialboden (altes Seebecken?),
468 386 3857 689 halbverbrannte Bananensträucher u. Bohnenstauden;
461 544 3812 845 im Fluße z reichliches Wasser m. 2 Krokodilen, deren
442 735 4003 958 eines in einen hohlen Bauen flüchtete, Rebhühnern,
447 870 3682 1122 Ngorombwe u. Perlhühnern; aber nicht zum Schuß
491 1018 3933 1354 gekommen. Prachtvolles Bild: hohe, schöne, lebhaft grün
487 1221 3694 1516 bis rot gefärbt, weite Flächen, wohl auch guter
515 1415 3821 1662 Jagdplatz. Auf d. Rückwege Warzenschwein gesehen,
497 1548 3632 1820 als ich eben d. Büchse aus d. Hand gegeben.
616 1672 2599 1993 Briefe nach Europa geschrieben.
883 1855 3934 2124 17. Juli. Postabgang. Wangoni melden sich zur Arbeit,
481 2058 2795 2365 charakteristische Haartracht u. Ohrlöcher
776 2190 4067 2492 Abend: 3 Warzenschweine aufgescheucht, nicht getroffen.
588 2436 904 2711 Schach.
396 2600 3873 2899 Sonntag d. 18. Juli: Vorm. m. Boy Erkundungstour hinter den
541 2781 3961 3088 Tendaguru durch abgebrannte Stellen u. dichtes Pori, auf
487 2978 3955 3242 Barrabarra zurück. Kann dicht bei einander liegende
465 3088 3951 3443 Profile nicht in Einklang bringen. Treffe eine Wangoni-
488 3301 3965 3554 Safari m. eigenartigen Speeren, posaunenartiger Trompete
487 3447 3869 3784 (Querbläser) u. vielen Lasten stinkenden Elefantenfleischs
536 3580 4035 3964 (Hr. d. Poremsky u. d. Eckenbrecher haben bereits je 1 geschossen),
510 3829 3813 4138 ihres Essens! Aufnahme gemacht. Dieser Stamm hat an„
528 3899 3999 4269 scheinend noch wenig Seßhaftes. Höre, daß d. Stämme
522 4091 3968 4429 sehr stark untereinander heiraten, daß d. Mädchen d.
494 4243 3855 4536 Mutter-, d. Knaben die Vatersprache lernen. Die
537 4364 3649 4751 Unterschiede werden bald verwischt sein, schade!
640 4543 4048 4840 Dr. J. findet auf d. Tendag.-Gipfel anstehende Trigonien-Schichten,
521 4765 2502 5025 es  wird immer komplizierter.
