4324 5213
3826 192 4047 332 131
690 252 3872 484 136,9 rötliche Verwitterungsdecke mit fester, kalkiger
583 407 4122 682 Bank, die Einfallen S. erkennen ließ. Auch lehmige Letten
554 552 2648 799 erkennbar, aber stark verwachsen.
860 669 4164 1029 Am Bahnhof Kitugallo traf ich Sattler, der aber leider
652 889 3926 1184 2 Std. später bereits weiter fuhr;  zugleich
614 1038 4041 1348 die beiden Europäer, die hier den Steinbruch ausbeuten
611 1223 3990 1570 u. sich ziemlich kümmerlich durchzuringen scheinen mit
608 1385 3969 1731 dem einzigen Wunsch, recht bald in der Lage zur Rück„
594 1623 3872 1942 kehr zu sein. Sie forderten mich zum Mittagessen auf,
613 1774 3783 2098 nicht ganz zu meiner Freude, denn ihr Grashaus
594 1939 3743 2253 (in O.-W. statt N-S Richtung gebaut) wimmelte von
607 2084 3986 2405 Spinnnetzen u. Bohrmehlstaub, der Eßraum unmittelbar
593 2297 3863 2494 neben der Küche (in der auch eine weibliche Stimme
556 2438 3851 2748 ertönte u. die anscheinend auch zum Schlafen dient),
561 2590 4102 2948 war jämmerlich klein u. schmierig. Ringsum durch's
571 2782 3814 3107 Gras kaum ein ausgetretener Fußpfad. Bald nach
613 2998 4030 3297 Tisch durch die Steinbrüche, dann hinter den voraus„
626 3168 3826 3476 geschickten Trägern her zum Jumben Shamiri in
554 3400 1500 3623 Kumbangombe
1512 3393 1647 3451 fast
1500 3362 3650 3654 2 Std. südl. d. Bahn. Mit meinem
545 3549 3779 3832 Begleiter auf falschen Weg geraten u. dann von
543 3773 3919 4049 einem Eingebornen kreuz u.  quer durch Dickicht
526 3983 4086 4181 u. Schamben auf schlechten Wegen geführt. Sah Korallen
553 4160 4026 4435 u. andre reiche versteinerungsführende Bänke am
515 4313 3966 4653 Wege. Im Zelt angekommen gab's schwierige Verhand„
499 4586 3937 4812 lungen u. Überlegungen hinsichtlich des weiteren Pro„
493 4717 1197 4969 gramms.
