4324 5213
291 249 565 440 142
663 242 3938 534 Nachm. Am Wege zum Jumben geklopft u. Lutari durch
595 412 3992 714 wildes Gestrüpp hindurch bestiegen. Erhoffte ein Profil, fand
624 570 3955 899 aber undurchdringliche Vegetation u. Geröllboden. Der
639 763 4079 1097 Hügel soll bei d. Mafiti-Einfällen als Zuflucht gedient
644 980 1711 1267 haben. Am Wege
1179 1119 2516 1389 zu oberst: Harte graugelbe
2384 981 2734 1166 Kalk-
2470 1115 4073 1378 Sandsteine quarzitisch m. Schnecken
1668 1280 3028 1537 Gelblich mürbe Sandsteine
1654 1414 2689 1605 rote mürbe Letten.
1640 1557 3938 1815 Harte, gut geschieferte, dichte, graudunkle Kalk„
2248 1678 4052 1930 sandsteine mit schlechten Steinkernen.
1084 1824 3042 2103 zu unterst: Rötliche Sandsteinschiefer.
679 2024 3842 2345 23.II. Auf meinen Wunsch noch hier geblieben, da ich doch
661 2170 3806 2539 wenigstens auch eine Giraffe sehen wollte. Schoß erst auf ein
669 2390 3906 2635 Hartebeest, das ich nach d. Anschleichen plötzlich ganz ungedeckt
676 2545 3857 2902 stehend unweit vor mir sah, freilich nichts als d. Kopf, da
704 2702 3872 2977 es genau zu mir hingewandt war. Traf nicht u. mußte
726 2812 3933 3172 d. Verfolgung nach einiger Zeit wegen schlechten Windes
709 3009 3836 3364 aufgeben; es war plötzlich eine vorher unsichtbare ganze
745 3137 3728 3525 Herde entflohen. Sah auch ein Riedbock-Weibchen u.
751 3258 3828 3694 schließlich dicht vor mir Hals u. Kopf einer Giraffe.
778 3432 3827 3814 Wurde wieder falsch u. in scheußliches Gras geführt u.
735 3615 3838 3975 kehrte gegen 11 zurück. Um 1 gegessen, da Janensch noch
747 3852 3713 4182 nicht zurück. Aquarell beendigt. Um 4½ wurde ich
758 3955 3888 4339 unruhig. J. hatte morgens geäußert, daß es ihm
781 4214 3850 4459 um Jagd nicht sehr zu tun sei u. war noch nicht da.
813 4271 4004 4657 Ich erfuhr, daß ½ Std. entfernte Leute 3mal hatten
771 4517 4001 4809 schießen hören, sollte das ein Signal gewesen sein.
796 4679 3987 4973 Ich dachte an Nashorn u. Flucht auf Bäume, an meine
