4324 5213
311 280 557 463 128
513 206 3557 561 weise fast senkrecht stehend, winzige Stauchungen.
754 426 4022 669 An der alten Barrabarra Bagamoyo-Mrogoro zurück.
544 542 4068 926 Das Einfallstor der Europäer, hier sind Stanley, Wisman
586 665 3987 1074 u. so mancher Andre vor mir gezogen. Am Flusse nur
582 856 3995 1212 noch die Steinpfeiler einer ehemaligen Brücke. Die
536 1051 3852 1437 Regierung hat kein Interesse mehr daran u. die
603 1186 4001 1551 Schwarzen nie eins gehabt (in d. Regenzeit benutzen
587 1365 3820 1714 sie für einige Heller die neue der Eisenbahn). Ein
571 1533 4012 1862 kleines, kräftiges, dreistes Weibchen wollte mich über
562 1722 3935 2003 d. Wasser tragen; um einem Vollbad vorzubeugen,
565 1863 2542 2208 gab ich noch d. Träger zur Hilfe.
749 2061 3818 2371 Sonntag d. 13.II: Morgens auf Jagd, um unterwegs
549 2216 4067 2554 leichter Träger zu erhalten u. d. Küche zu schonen. Lieber,
541 2385 4013 2713 wäre ich vielleicht mit d. Fossilsuchern gegangen u. habe
566 2540 3924 2932 dort viel versäumt, denn als ich's Nachm. nachholen
596 2711 3812 2995 wollte, hörte ich es sei schon zu spät. Durch d. Dorf,
621 2881 4004 3203 von dessen Höhe prachtvoller Blick auf d. freilich ver„
632 3032 3752 3392 hüllten Berge, an der Kautschukpflanzung eines
646 3166 3989 3468 Engländers vorbei, der Barrabarra nach in herr„
671 3349 3780 3688 lichen Wald. Dann links ab in's Pori. Ich war
645 3536 4028 3876 erstaunt im Gegensatz zu Mikesse meist sehr beque„
643 3707 3895 4066 mes Gras zu finden, freilich auch bösere Stellen u.
658 3878 3850 4231 große Fliegenqual. Glaubte flüchtig einen Barappikopf
653 4065 3750 4382 zu sehen, sah dann aber samt Begleitern den
687 4256 3838 4537 ganzen Vorm. nichts, absolut nichts mehr, außer
635 4379 3912 4741 frischen Zebraspuren. Gleichwohl soll sehr viel Wild
660 4595 3926 4817 da sein u. mir ist das höchst wahrscheinlich. Als ich
