4324 5213
3826 216 4015 355 17
415 259 4058 536 Das Gestein dieses offenbaren Erosionsrestes, der im N. u. W.
407 410 3975 705 ziemlich steil abfällt, ist Granit od. Gneiß, in denen d.
423 573 3850 881 Quarz fast Alleinherrscher ist. Das grüne Gestein nicht
452 741 3914 1046 gesehen. Oben 9h, im Lager 10h. Abschiedstrunk mit
442 910 3959 1229 Hrn. Sattler, ab 10¾, von ihm eine Strecke begleitet.
482 1080 3985 1408 12¼ im Lager in Ntondo. Nachm. wieder starker
443 1342 3907 1551 Regen. Zum ersten Mal allein in schwarzer Um„
472 1448 3868 1693 gebung, kam m. d. Sprache recht gut zurecht. Der
456 1573 3960 1864 Jumbe „schenkte“ Hühner, Eier u. Mehl, die man stets
501 1741 4039 2039 zu bezahlen hat u. nicht abweisen kann. Infolge„
505 1937 3671 2272 dessen Geldschwierigkeit, Brief an Sattler geschickt.
480 2064 3921 2368 Der Jumbe ist zwar erst 7 Jahre hier, behauptete
481 2248 2575 2492 aber nach einigem Besinnen
2431 2295 2705 2375 sich an
2575 2293 3957 2500 „bana Fromm“ noch
492 2440 3936 2702 zu erinnern u. kennzeichnete ihn mit. „kazi ya
461 2598 2693 2878 mawe (Steinarbeit), d. h. Geologe.
684 2863 4066 3156 3. Mai. Aufbruch nach 6. Herrliche Vegetationsbilder
492 3034 3964 3259 an d. Barra-barra. Granite u. Gneise wechseln bis
532 3232 3982 3462 in d. Fuß des Namyura, nur auf d. letzten, einander
455 3443 4066 3661 schnell folgenden Hügelrücken einige Blöcke, an deren
468 3529 3963 3820 Konglomeratnatur ich nur wegen der Kristallinen
459 3756 4067 4047 Umgebung zweifelte; vielleicht verbackener Überflächen„
437 3938 4046 4224 schutt, auch ein alte Baumwurzel war bereits zu
518 4108 4045 4460 „Stein“ geworden. Zuletzt auch vereinzelte Blöcke von
469 4289 4016 4706 abweichendem Habitus (roter u. dunklerer Quarzpor„
502 4524 4017 4906 phyr?) Beim Anstieg beobachtete ich dann, soweit
