4324 5213
3716 197 3977 351 157
486 216 1491 461 Indischen Ozean.
712 349 3943 641 Pangani sehr hübsch an der Mündung des Flusses, von der Küste
562 523 3906 799 zurückgezogen gelegen auf flachem, mit dichtem Palmenhain be„
585 678 4142 938 standenen Schwemmland. Janensch u. ich gingen nicht in d. Ort, sondern
568 812 3973 1095 fuhren auf's rechte Ufer, hinter dem sich unmittelbar eine Steilwand
569 978 4113 1230 emporzieht. Oben darauf Pavillon mit Blick auf Fluß u. Bucht,
569 1126 4074 1399 Usambara-Gebirge u. Meer u. drüben das lauschige Städtchen,
589 1289 3889 1526 das mit seinen gedrängten weißen Steinhäusern gleichsam
558 1478 4031 1639 einen bewohnteren Eindruck macht als Lindi mit den ver„
561 1642 3847 1861 streuten Europäervillen. Abstieg nach der Seeseite, wo eine
520 1731 4127 2021 Sisalpflanzung sich an der Küste ausdehnt. Von ihr ein Bähnchen
582 1891 3895 2194 nach dem Hafen, das in der Uferwand hübsche Aufschlüsse bot.
585 2042 3800 2315 Der Vollmond zog auf u. spiegelte sich in dem ruhigen
536 2234 2550 2529 Gewässer zwischen den Mangroven.
717 2359 4044 2691 26. März: Morgens auf See vor Tanga, Blicke auf die fernen
551 2626 3963 2919 Gebirge. Stark gegliederte Küste. Wir fuhren über Korallenriffe,
548 2782 3906 3039 auf die mich d. Kapitän meiner Bitte gemäß aufmerksam
552 2936 4019 3255 machte. Aber die Sonne noch tief, man sah eigentlich nichts
516 3086 4047 3412 als meergrüne Streifen über tieferem Grund. Immerhin
510 3352 4063 3596 für d. Phantasie Spiel genug, dies unsichtbare Leben u. Gewühl!
598 3520 4058 3693 Einfahrt u. Landung in Tanga, das schon wieder ein neues, auf„
521 3670 4016 3913 fallend stumpfsinnig gebautes Hotel hat. Im „Deutschen Kaiser“
536 3803 3857 4119 Logis genommen. Der Ort mit seinen rechtwinkligen
507 3995 3437 4256 Straßen u. seinem Staub gefällt mir wenig.
684 4163 3974 4406 Sonntag d. 27. März: Ausflug nach den Sigi-Höhlen. Jan.
480 4437 4028 4641 u. ich je eine rikshaw genommen, über weite Sisal-Pflanzun„
457 4533 3836 4741 gen zum (Sigi?)-Flusse, an dessen rechtem Ufer Belemniten u. andre
461 4727 4040 4934 Versteinerungen, dann durch glanz- u. farbenerfüllte lichte Kokos-
