4324 5213
3717 184 3988 331 163
455 262 4069 507 15. April Daressalaam. Kein sofortiger Anschluß, was
454 378 3836 586 uns u. besonders den Boys nicht ganz unlieb.
551 600 4082 829 17. April. Mit „Sultan“ Abfahrt nach Bagamoyo. Kein
574 723 4082 981 angenehmes Schiff, kaum ein Plätzchen zum Aufenthalt.
512 876 1677 1190 Aber schöne Fahrt.
622 1059 2690 1317 18. Kilwa, 19 Lindi Ankunft.
582 1220 3876 1558 Jetzt erst setzte eine Regenperiode ein, die unsern
584 1391 3705 1744 Abmarsch immer weiter hinausschob, was ja
578 1570 3786 1936 Janensch ohnehin nicht schwer fällt. Immerhin
537 1773 4117 2053 einigemal Tennis gespielt mit großem Vergnügen.
560 1955 1576 2237 Lasten gepackt
705 2096 2999 2347 23. abends Skatabend bei Wolff's
715 2269 3114 2514 24 wieder grobe Verdauungsstörung.
708 2377 4019 2653 26 abends: Auf Hrn. Schulze's Veranda nach gemein„
593 2582 3921 2910 samem Abendbrot in d. Usagara, zu dem wir auch
613 2715 3970 3086 Wolffs geladen hatten, recht feuchte Bowle. Spät nachts
619 2907 3896 3250 von heftiger Verdauungsstörung in dieser meiner
609 3136 2822 3468 Geburtstagsvorfeier unterbrochen.
712 3369 3681 3573 27. Mein Geburtstag; in wenig erfreulichem
585 3513 3873 3760 Zustande verbracht, konnte auch abends an einem
579 3650 3852 3932 Skat bei Behmer's nicht teilnehmen. Letzter
556 3865 1120 4126 Regen.
783 3927 3796 4316 28. Hrn. v. Schervening gegenüber Lindi besucht.
507 4148 3866 4488 Mit ihm in eine der Höhlen eingedrungen. Reich
531 4343 3968 4646 verzweigte Gänge, Hallen, Trümmerhaufen, Tropfstein„
507 4474 3841 4849 gebilde. Wir mußten schleunigst zurück, als plötzlich die
507 4638 3797 4968 Luft schlecht wurde, die Lampe ausging u. kein Streich„
