4324 5213
395 235 632 412 146
594 248 3787 586 Hier bei einem Mmuëra-Jäger Tshande Lager in
621 447 3955 750 dichtem, frischestem Grün. Am Bache bereits Gneißschiefer
626 616 3986 922 anstehend. Auf einer Gneißkuppe Blick auf Umland; sie
594 808 3862 1087 besteht aus festem, grobem Gneiß, also die Entstehung
614 980 3770 1258 dieses Inselberges kein Problem. Post erhalten.
870 1209 3917 1478 26.II. Durch wüstes Gras zur Barrabarra zurück.
663 1357 3793 1653 Nun wundervoller Marsch, nur durch Stechfliegen
657 1564 3966 1771 erheblich beeinträchtigt. Unglaublich viel frische Spuren
714 1719 3610 2032 im Anfang, aber kein Wild; schoß einmal ohne
706 1921 3665 2186 Erfolg auf Hundsaffen. Beim ehemaligen (L)
3592 1787 3961 2020 Mb
3622 1982 4015 2162 iringwa
675 2055 4014 2398 sah mein Begleiter Hartebeester u. angeblich 3 Zebras
638 2301 4018 2499 (von letzteren keine Spuren). Ich sah nur einen braune
626 2449 3794 2739 Klecks, auf den ich nicht schießen wollte. Bei d.
644 2628 3971 2916 Annäherung waren sie verschwunden. Verfolgung im
654 2781 3792 3091 hohen Grase nutzlos. Nahe dem Kungwe-Berge
647 3014 3869 3298 nähert sich unsrer Barrabarra. Diejenige von
628 3249 3938 3520 Bagamoyo, neben u. zwischen ihnen 3-4 Dörfer
676 3462 3899 3709 ohne erkennbare Grenzen (Kanghalla, Kungere, Mfosi? u.
653 3611 3991 3904 Koo). Wir lagerten beim Karani Moham. in Mfosi(?).
695 3831 2456 4102 Sehr hügeliges, schönes Land.
984 3996 3964 4271 Salesi brachte mir ein interessantes u. schönes
714 4163 3991 4449 Hornblende-Granaten-Gestein (mit Olivin?). Ich ging
673 4332 3832 4621 nachm. dorthin, wo er es von einem Schleifstein
691 4506 3967 4811 abgeschlagen hatte, konnte aber trotz aller Nachfor„
720 4709 4012 4993 schungen nichts Anstehendes finden. Dafür ungezählte
