4324 5214
3862 134 4059 352 69
406 279 4025 467 daß es auch einmal ohne Verwerfungen geht. Nach den
398 340 4049 587 Bestimmungen betr. d. Trigonien-Schichten säßen wir
433 522 4030 771 dann im Neokom u. wir dürften in d. 3 Stufen von
372 690 3973 892 Saurierschichten verschiedene Formen vermuten u.
432 864 3807 1087 evtl. Entwicklungen verfolgen. Schöner Blick in d.
447 1085 4107 1300 Ebene bei Sonnenuntergang. Wieder viel Neigung
487 1187 3429 1448 zu Regen, mittags 2mal Donner im Osten.
696 1386 4103 1666 22. Sept: Noch immer mehrfache Regenfälle u. meist
501 1577 3709 1780 bedeckter Himmel, letzteres äußerst angenehm.
483 1720 3994 1901 Der zweite Judi ist heut nacht eingegangen, nachdem er schon einige
452 1853 2866 2122 Tage ohne erkennbare Ursache nicht munter war.
661 2116 4000 2387 23. Sept. Früh aufgestanden, um Knochenfund zu besichtigen,
500 2300 3938 2495 da Führer verspätet, mit Ali u. einem Arbeiter zum Lilaj-
485 2401 3892 2613 Flusse. Unterwegs Kanga's, während ich nachschleiche, dicht
509 2604 3965 2824 vor mir ein Ngorombwe, dachte nicht daran, mit d. Flinte
507 2781 3954 2971 zu versuchen, sondern winkte d. Büchse heran. Inzwischen
509 2856 3952 3156 war es verschwunden. Gleichzeitig frische Barappi-Spuren.
547 3011 3890 3319 Der Fluß od. vielmehr sein Bett fast ohne Wasser, daher
547 3188 4085 3493 auch kein Wild gesehen, ebensowenig Spuren von Ntandala
535 3371 3987 3597 u. Ndogolo u. sonstigem angeblichen Wildreichtum. Dagegen
561 3542 4018 3842 ein Saurierknochen-Bruchstück. Ging auf Suche nach den
528 3714 3989 4012 Perlhühnern zurück u. gelangte an eine Felskesselschlucht
536 3900 3943 4200 von gewisser Großartigkeit, durch die ein Wasserriß un„
556 4084 3981 4373 mittelbar bis in die Tiefe der Mbenkuru-Ebene ent„
571 4260 4064 4518 wässerte; mit gewaltigen lianen-überhangenen Baum„
559 4418 3930 4713 riesen, ein rechter Schlupfwinkel für Löwen. Hier auch
556 4632 3940 4879 (oben) reichlich Wasser. D. Ngorombwe nochmals aufgescheucht
