4324 5213
313 204 472 382 90
519 176 3690 467 16. Nov. Vorm. bei d. Rückkehr in's Lager einen Herrn
474 367 3840 640 Bötzow, Pflanzer aus W-Usambara vorgefunden, der sich
488 498 3943 795 mehr als unsere bisherigen Besucher f. d. Grabungen interes„
451 665 3961 948 siert u. 2 Nächte bleiben wird. Ihm d. Gräben gezeigt, sowie
473 855 2633 1168 abds. unsere Aussicht vom Tendaguru.
2755 788 3967 1005 2 Wangoni-Aufseher degradiert
2633 964 3925 1093 wegen einer Prügelei im Lager.
608 1045 3971 1285 17 Nov. Unser Besuch läuft alle Gräben ab, photographiert
507 1261 3877 1493 u. notiert eifrig. Er lädt uns zur Regenzeit ein, seine
548 1427 3083 1657 zweite leerstehende Schamba zu bewohnen.
832 1487 4023 1796 In diesen Tagen wieder mehrfach Schwalben gesehen
628 1749 3257 1964 18 Nov. Hr. Bötzow marschiert in aller Frühe ab.
567 1875 3904 2162 Ein Knochentransport sollte gestern abgehen, aber die Jumben
545 1982 3417 2317 lassen uns im Stich, es kommen — 8 Träger!
673 2159 3661 2438 19 Nov. Knochentransport mit hauptsächlich eigenen
577 2321 3776 2626 Leuten. (75 Lasten) Vorm. Ngorombwe in d. Schamben geschossen
688 2504 3798 2784 20. Nov. Poscho-Zahlung. Post fertiggestellt. Janensch
530 2731 3904 3014 schreibt an d. Geh. Rat Branco u. fragt mich zuvorkommender
535 2815 3843 3085 Weise, wie ich mich zur Frage eines dritten Europäers im
560 2980 3873 3308 nächsten Jahre stelle. Ich muß zugeben, daß wir beide mit d.
579 3136 3829 3462 Topographieren nicht zu Rande kommen (muß freilich sagen,
564 3320 3819 3612 daß dergl. Vorbereitungen vor d. Reise getroffen werden mußten,
559 3497 3845 3706 u. glaube, daß ich mich sehr viel umfangreicher vorbereitet hätte)
560 3630 3980 3929 Es scheint uns am besten, einen hiesigen Topographen für mehrere
540 3753 3903 4017 Wochen zu gewinnen, da ein 3. Geologe uns d. Arbeitser„
566 3933 3938 4232 gebnisse beschneidet u. d. Kosten d. Ausrüstung u. Herreise nicht
588 4137 1440 4315 lohnen würden.
684 4259 3877 4512 Sonntag d. 21 Nov: Morgens wieder Knochentrans„
512 4404 3814 4746 port (30 Mann), daher nicht zur Barappijagd gekommen.
531 4631 3851 4917 Nachher durch d. Schamben gestreift, aber wieder ohne Erfolg.
