4324 5213
3842 167 4068 355 153
352 222 3868 486 Sonntag d. 13.III: Da Herr Schwarz noch nicht zurück, Ausflüge.
519 360 3893 634 Janensch m. Frl. Schwarz u. einem jungen sympathischen
476 504 3876 749 Werkleiter in d. Urwald auf dem höchsten Plateau des
480 640 4023 955 Gebirges; ich konnte des Fußes wegen mich nicht betei„
542 775 4054 1071 ligen u. ging mit dem jüngsten Bruder nach Kibuku
520 975 4031 1211 auf d. rechten Talseite hinüber, wo ein andrer Bruder
532 1097 3812 1392 sich m. Frau u. Töchterlein womöglich noch hübscher
536 1251 3887 1497 angebaut hat. Er sollte über Versteinerungen in d.
533 1383 3792 1643 Pugu-Bergen Bescheid wissen, was mir höchst wichtig
519 1629 3995 1839 schien, leider Auskunft sehr spärlich. Wir mußten zum
498 1773 4005 2027 Mittagessen bleiben, sehr angenehmer Aufenthalt. Um„
518 1973 3890 2226 gebung großartig aber am ergreifendsten das von
483 2094 3932 2389 dieser Brüderschar hier in Weltenferne Geleistete.
661 2269 3990 2512 14.III. Fr. Schwarz mußte im aller Frühe u. Dunkel„
556 2433 4033 2760 heit zum Mlali hinabreiten, weil ihr Mann auf d.
510 2612 3830 2910 Rückwege Fieber bekommen hatte. Bei d. ersten
521 2790 3904 3052 Nachricht für mich ein Freudenstrahl: nun könnten wir
523 2915 4079 3184 auch ganz früh aufbrechen, ohne des Frühstücks wegen
480 3060 3900 3371 Ansprüche an unsre frdl. Gastgeber zu stellen. Aber ich
509 3258 3956 3601 hatte nicht mit Janensch gerechnet. Auch heut sah er
526 3448 3915 3782 „keinen Grund“ früher aufzustehen. Ich ging die Straße
520 3651 3898 3934 entlang, er auf d. Wege, den ich gekommen war.
536 3814 4103 4073 Kostbare Wanderung in d. Bergen am Morgen. Mein
497 3986 4033 4309 Fuß heut in Ordnung, meldete sich erst nachmittags
503 4192 4050 4414 infolge des dauernden Absteigens wieder. Am Mgeta
487 4329 4098 4676 Mittagsrast, nachdem wir in d. Mission vorgesprochen u.
471 4502 3680 4791 um Träger gebeten hatten. Eigenartige Mission!!
