4324 5213
3662 236 3931 405 107
484 247 3998 466 das vielleicht ein Sch Lustspiel hätte werden können,
451 385 3971 657 da es an einem Tage spielt, aber auch nicht, weil
462 567 4074 898 der Humor sehr dürftig u. gemacht ist oder wenig„
481 764 3928 1043 stens mir jetzt nach Reuter so erscheint. Ich hatte
478 914 3965 1215 eine so schöne Erinnerung an Raabe's Geburtsort
506 1103 3999 1387 - auch eine pfingstliche! -, daß mich das Zusam„
523 1249 3975 1589 mentreffen mit dem Dichter selbst enttäuscht.
699 1551 4119 1819 14. Dez. Sehr früh aufgestanden, um einer nahen Barappi„
515 1738 3993 2016 spur nachzugehen, nichts gefunden. Dr. Wolff ein Stück
448 1891 4051 2212 Weges begleitet, da er erst merkwürdig spät (gegen
512 2072 1324 2365 6) aufbricht.
758 2289 3724 2560 15 Dez. Legte mich nachm. zu Bett, da ich Fieber
517 2454 3421 2717 verspürte, abends 38,5°, aber gutes Befinden
721 2619 3743 2898 16 Dez. Morgens 37° wieder erreicht, aber zu Bett
612 2830 1216 3030 geblieben.
706 2957 3262 3266 17 Dez. Aufgestanden, aber noch Schonung.
711 3125 3810 3451 18 Dez. Morgens durch die Schamben zum Fundorte
518 3318 2069 3609 am Wege nach Mtapaia
702 3494 3893 3846 Nachm. nach Kindope mit Zelt, wohin Janensch schon
563 3771 3958 4048 einige Stunden früher gegangen war. Ich hatte durch
490 3977 3924 4231 Erkundigungen von Wasserböcken gehört, die ich gern
538 4103 3994 4416 auch noch dies Jahr haben wollte. Mein Plan Sonntag
510 4271 3965 4592 darauf zu jagen schien mir bereits vereitelt u.
524 4551 3908 4787 Janensch nahm ihn auf. Nun konnten wir beide
496 4700 3975 4993 ziehen. Ich auf d. Hinweg mit meinen Boys über
