4324 5214
294 248 533 452 138
646 290 3809 588 Gestein viel härter, Steinkerne allein oft unkenntlich.
621 480 4066 730 Die Muschelbank ging stellenweis auch in die überliegende
619 666 1068 933 hellere
812 777 1448 960 dünnplattige
1021 601 3884 894 Schicht hinein, die ich sonst für jünger gehalten
646 820 3982 1077 hätte. In den Schotterhaufen mehrere recht gute u. wert„
608 946 3938 1230 volle Stücke, unter anderm Seeigel, aber nicht eine
626 1139 3671 1451 Spur von Ammoniten. Minimales Einfallen, ONO.
720 1321 4011 1589 Ähnlichkeit auch mit d. Schicht am Kisongo, wo kleine Anhöhe
634 1458 3854 1719 bildend. Verwitterungsschicht dünne Letten mit Kalk„
628 1712 3763 1946 brocken u. einigen zerstückelten Bänken, darin Pinna.
622 1825 3140 2108 Das Ganze in wildestem Grase versteckt.
850 2003 3931 2321 Zur Haltestelle, hier Janensch's Ankunft aus Daressa-
648 2148 3941 2476 laam erwartet, in seinem hier aufgeschlagenen Zelte
619 2324 3799 2634 Mittagessen, gegen Abend in's Lager bei Vissima
638 2503 3770 2752 saba übergesiedelt. Unerhörtes Wetterleuchten im SO.
662 2672 4032 2970 Nachts ½12 gewaltiger Sturm, Regenguß, Gewitter, Zelte
656 2840 3170 3143 in Gefahr, mußten neu befestigt werden.
884 3074 3965 3359 19.II. Mein Fuß zu freudigem Überraschen heut recht gut,
698 3248 3968 3572 daher sehr schöner Marsch auf meist gutem Wege u. durch
721 3379 4006 3671 schöne Wälder u. Grasebene mit lichtem Baumbestand. Im
704 3595 2391 3920 Gegensatz zu all den letzten
2244 3520 2717 3695 schmählich
2345 3548 3979 3836 heißen Tagen frisch u. ange„
718 3732 4052 4066 nehm. Gegen 11 beim Karani Bombwe in Tambazi Lager
726 3911 3998 4179 bezogen (Jumbe Bata in Konga blieb links von unsrer Route)
731 4061 4075 4391 Gegen Schluß die sandigen, braunen Letten u. einige harte
760 4249 4015 4494 Bänke sichtbar. Dunstig, aber Blick auf das Gebirge mit
725 4409 3993 4736 schönem Vordergrunde des grünenden Ngerengere??-Tales.
720 4576 3910 4862 u. seiner reichen Pflanzungen (die mir ungewöhnlich
747 4740 3737 5021 gut gehalten schienen) Auch wenige Mango-Bäumen u.
