4324 5213
3787 234 4045 412 81
399 197 3832 429 Kausalverhältnis dürfte aber oft umgekehrt sein. Mir steht es
393 344 2969 657 nicht zu ihn darauf aufmerksam zu machen.
522 478 3777 770 Besichtigte nachm. das neue, heut freigelegte große Femur, in
411 654 3827 912 dessen Nähe noch weitere gewaltige Knochen aufgedeckt
412 764 3981 1080 sind; leider ist die Erhaltung recht schlecht. Ging dann weiter
422 933 3945 1167 bis zu einer der vom Plateau vorspringenden Nasen, wo
429 1076 3859 1330 hübscher Blick auf d. Sonnenuntergang, u. üb. d. Quelle
385 1193 3810 1473 unter dem Tendaguru zurück. Erhalten ein 2tes Mbawalla.
562 1396 3950 1611 19. Oct. Nachm. trafen 80 Träger ein, die das Bez.-Amt uns
437 1533 3942 1799 in erstaunlich kurzer Zeit besorgt hat.  Handgeld ausgezahlt,
441 1757 1647 2014 Lasten zugewiesen.
565 1871 4013 2136 20 Oct. Abmarsch des ersten Knochentransports nach Lindi.
505 2046 3963 2305 Janensch begleitet ihn u. kommt so (halb gezwungener„
480 2192 3926 2411 maßen) endlich zu seiner längst „beabsichtigten“ Safari.
461 2343 4000 2590 Brief an Mama. Immerhin ist er diesmal zu raschem Entschluß gekommen.
708 2558 3884 2713 In d. Nacht beide Mbawalla an Unterernährung einge„
470 2632 3771 2909 gangen, die Milchziege trifft mittag ein, kommt nun
464 2760 3869 2977 aber zu spät. Vorm. wird ein junger Hundsaffe und
466 2976 3829 3161 nachm. ein dito „Tumbili“ (dem kima sehr ähnlich, aber
467 3099 4007 3328 heller, weniger hübsch u. im Gesichtsausdruck älter, weil
458 3235 3710 3536 weißbärtig) gebracht. Ihre Scheuheit sticht sehr gegen die
496 3377 2315 3676 Zutraulichkeit unseres kima ab.
557 3587 3349 3809 21 Oct. Ethnolog. Arbeit. Abds. sehr stark bewölkt.
318 3747 4091 3945 Ließ mir nachm. dicht an d. Quelle einen Knochenfund zeigen: Humerus in d. Schieferschicht unt. d. Saurierhorizont.
580 3833 3725 4045 22 Oct. Vormittags vollständig wolkenlos, auch die Luft klar.
398 3936 3999 4191 Mittags 33° C, bisheriger Rekord; dazu setzte noch der erfrischen„
424 4102 3698 4331 de Wind zwei Stunden lang aus. Armer Janensch!
439 4241 3844 4500 Bei großer Hitze sind mittags die Fliegen sehr arg, sie
427 4387 2450 4700 suchen wohl auch den Schatten auf.
586 4548 3936 4766 Bis zum Abd. bleibt es wolkenfrei, doch ist der Horizont dunstig.
462 4726 1392 4947 Auf d. Tendaguru.
