4324 5213
3635 163 3911 296 159
451 227 3957 410 aber wurde es bald dunkel u. schließlich waren wir von
465 390 4047 577 absolutester mondloser Finsternis umgeben, aber Raub„
497 483 4147 735 zeug hier wohl kaum zu befürchten. Armselige Streichhölzchen
506 637 4012 888 blendeten mehr als daß sie leuchteten u. wir tasteten
522 773 3992 1044 den Weg aus. Nur langsam ging es weiter. In Amani
499 949 3947 1196 verteilten sich einzelne Lichter über den für uns noch
503 1071 4108 1353 gänzlich formlosen Raum. Eine fröhliche Gesellschaft begegnete
489 1197 3836 1486 uns u. der uns von Mrogoro her bereits bekannte
483 1403 4106 1582 Oberstleutnant Bock u. Wülfingen machte uns im Dunkeln
516 1509 4030 1795 mit dem - gleichfalls formlosen, höchst natürlichen u. sympa„
515 1674 3981 1903 thischen Prof. Zimmermann bekannt. Im Fremden„
571 1854 3400 2124 haus äußerst billige u. behagliche Unterkunft.
770 1990 4029 2240 29 März: Unser Beider Mütter Geburtstag. Könnte ich
576 2163 4114 2338 Mama hierherzaubern! Ausflug mit Hausgenossen auf den
555 2288 3976 2505 Bomole, der treffliche Rundsicht gewährt. Wie ein deutscher
555 2433 3921 2675 Aussichtspunkt. Wir konnten uns in's Gras strecken u. d.
543 2597 4067 2865 Gebirgsluft trinken. In der Bibliothek, auch das ein unge„
562 2800 4081 3019 wohnter echter Genuß. Baumann „Usambara“ gelesen u. bestaunt.
830 2971 4034 3147 Wir ließen uns 8 Tage Zeit, zu Haus ein Sommerauf„
575 3076 3760 3297 enthalt, hier wie der Tag, der gestern vergangen ist. Die
583 3295 3999 3509 herrlichen Wege in dem unvergleichlichen Park genossen, auch
511 3418 3976 3626 bei Regen, der in dieser Vegetation besonders stimmungs„
572 3589 4104 3768 voll sein kann. Wunderte mich  über die Lianen, die weite
561 3745 4048 4013 Bogen spannten, sich auf u. nieder senkten u. dgl., was fertig
555 3837 3802 4142 ganz natürlich aussieht, aber die Entstehung mir nicht ganz
542 4027 3809 4282 klar geworden, da sie in sich allein keinen Halt haben.
561 4136 3717 4425 Gemalt, gelesen, geplaudert. Eines Nachmittags u. Abends auf
546 4363 1175 4552 Tschenzema
727 4305 1211 4440 Derema
1131 4333 4064 4593 , dessen Leiter Janensch bekannt. Ein bewunderns„
549 4505 3857 4719 werter Heimkünstler u. ein prächtiges Plätzchen mit Blick
574 4640 4017 4885 auf's ferne Meer. Mitternacht bei Mondschein u. Gewitter zurück, aber
565 4782 3929 5009 noch Lärm auf d. Kegelbahn. Ein lustiges Leben. Botanisch auch hier nicht
3264 4887 3892 5010 viel gelernt.
