4324 5213
319 220 493 413 82
706 278 3916 473 23. Oct. Ziemlich viel bewölkt. Trotzdem morgens in
525 385 3708 642 den Schamben kein Wild gesehen. Recht viel zu allen
523 520 3860 749 Arbeitsplätzen herumgelaufen, ließ auch im Bache Verstei„
518 681 3867 955 nerungen suchen, und gab d. Verpackern sonstige Be„
484 823 3733 1135 schäftigung, da sie aus Mangel an Such u. Bindfaden
501 1043 1838 1306 sonst feiern müßten.
787 1133 3324 1418 Poscho-Zahlung. Wetterleuchten im S.
619 1337 3963 1564 Sonntag d. 24. Oct. Zum Maïmbui auf Jagd, um d. Konserven
512 1563 3616 1798 zu schonen. Nur 1 Taube heimgebracht, Wild nicht zu sehen.
735 1664 2827 1943 „Jesus“ Schlußszene. Aquarelliert.
647 1860 3799 2142 26. Oct. Finde morgens den Tumbili-Affen erhängt,
517 2098 3966 2314 die 3 nachts eng aneinandergeschmiegten Affen hatten ihre
491 2217 3923 2485 Leinen derartig verwickelt, daß das arme Tier sich nicht
485 2377 3515 2650 retten konnte. Wiederbelebungsversuche erfolglos.
728 2528 3675 2730 In d. Schamben nur 1 Schwein gesehen, das ich nicht
482 2736 3966 2925 schießen wollte, da ich momentan sein einziger Kunde
512 2850 3961 3051 wäre. Unweit des Boheti-Grabens finden sich ebenfalls
482 2934 3948 3188 Wirbel einer kl. Theropoden- u. einer großen Sauropoden-
448 3135 1326 3356 Form vereint.
656 3170 4012 3459 Mittags 1 Uhr kurzer, aber auffallend starker Regen,
488 3357 3615 3660 fürchte frühen Beginn der Regenzeit. Anschließend
492 3526 3827 3817 Gewitter (2maliger Donner) im W. Himmel mit ganz
484 3686 4010 3942 gewöhnlichem Aussehen, auch der Abd. tat, als wenn nichts
485 3846 1700 4120 vorgefallen wäre.
945 4056 3968 4353 Die Tage vergehen so schnell mit Briefschreiben, ethnol. Arbeit,
505 4245 3984 4499 gelegentl. Schreiben am „Jesus“ u. tägl. Lektüre des Thackeray (Jahr„
492 4379 4028 4653 markt des Lebens), daß ich nachm. nicht aus d. Lager komme, außer
477 4515 3814 4791 um auch abds noch ein wenig in d. nahen Gräben Knochen zu
480 4711 3942 4964 besichtigen u. Bruchstücke zusammen zu passen. Die Funde sind gut.
