4324 5213
3680 94 3961 290 155
432 227 4016 434 17.III. Rückfahrt nach Mikesse, Jan. bleibt in Mrogoro,
466 354 3889 631 wo Sattler, der Fieber hat, an der Bahn. Längs
444 535 4088 770 der Bahn viel Mandelkrähen, die nicht das ganze
527 683 4063 1005 Jahr sichtbar sein sollen. Sehr viel Raubvögel im
469 861 1614 1169 ganzen Lande.
514 1056 4098 1270 18.III. Im Lager. Vorbereitungen zur Abreise. Gelesen. Janensch
642 1220 1285 1495 trifft ein.
516 1331 4136 1644 19.III. Mit d. Bahn bis Kisserawe. Unterwegs starke Grasbrände,
554 1522 4124 1771 während im S. Regenzeit. Rauch schlug in d. Coupé's, Flam„
557 1674 3900 1924 men dicht am Fenster. Sehr heiß u. stille Luft. Auf
540 1846 2919 2025 den Stationen ermüdend. Kisserawe
2624 1789 3191 1951 Haltestelle
2876 1849 3988 2072 ohne Gebäude im
576 2033 4026 2231 Tal des bei Daressalaam mündenden Simbasi(?). Ganz
552 2133 4061 2398 thüringer Charakter. Nur unten am Fluß, wo wir neben
553 2306 4110 2563 der Brücke d. Zelte aufschlugen, Lianengewirr u. jenseits
563 2419 4072 2710 dichter Busch. Durch ihn führte ein prächtiger laubengang„
552 2640 4065 2923 ähnlicher ausgehauener Weg in der üppigsten Vegetation
541 2773 3025 3041 ein Nebental aufwärts zur Mission.
639 2919 4073 3230 20.III. Janensch n. Westen, ich an d. Bahn entlang durch den
512 3073 4087 3347 Pugu-Tunnel bis Pugu. Der Eindruck der Saurierschichten
509 3217 4103 3491 noch verstärkt, aber weder Knochen noch Versteinerun„
512 3369 4066 3681 gen. Schöne Täler. Von Pugu auf anderm Wege nach dem
509 3555 4080 3804 Dorf Kisserawe zum Akiden. Ständig durch aller dichtesten
542 3721 4021 4000 Busch, wie ich ihn in solcher Ausdehnung u. Undurchdring„
538 3852 3934 4184 lichkeit noch nicht gesehen habe. Etwas Regen. D. Akide,
577 4025 3953 4325 ein Araber, bot mir Kaffee an, den ich aber ausschlug.
563 4181 4057 4492 Er begleitete mich zur Mission. Die „bibi“ des Missionars
565 4318 4035 4641 hielt ich für eine Schwester, wie am Mgeta, fand aber
583 4558 3807 4763 zu meiner Freude ein evangelisches Ehepaar mit
545 4723 3801 4961 Söhnchen, freundliche Leute, die Janensch u. mich zum
