<?xml version="1.0" encoding="UTF-8" standalone="yes"?>
<PcGts xmlns="http://schema.primaresearch.org/PAGE/gts/pagecontent/2013-07-15" xmlns:xsi="http://www.w3.org/2001/XMLSchema-instance" xsi:schemaLocation="http://schema.primaresearch.org/PAGE/gts/pagecontent/2013-07-15 http://schema.primaresearch.org/PAGE/gts/pagecontent/2013-07-15/pagecontent.xsd">
    <Metadata>
        <Creator>prov=University of Rostock/Institute of Mathematics/CITlab|PLANET AI GmbH/Gundram Leifert/gundram.leifert@planet-ai.de:name=UAT_M6(htr_id=20530)::::v=2.6.6
prov=University of Rostock/Institute of Mathematics/CITlab|PLANET AI GmbH/Tobias Gruening/tobias.gruening@planet-ai.de:name=de.uros.citlab.module.baseline2polygon.B2PSeamMultiOriented:v=2.6.6
prov=University of Rostock/Institute of Mathematics/CITlab/Gundram Leifert/gundram.leifert@uni-rostock.de:name=Konzilsprotokolle v1(htr_id=5)::::v=2.3.2
prov=University of Rostock/Institute of Mathematics/CITlab/Tobias Gruening/tobias.gruening@uni-rostock.de:name=de.uros.citlab.module.baseline2polygon.B2PSeamMultiOriented:v=2.3.2
prov=University of Rostock/Institute of Mathematics/CITlab/Tobias Gruening/tobias.gruening@uni-rostock.de:name=/net_tf/LA73_249_0mod360.pb:de.uros.citlab.segmentation.CITlab_LA_ML:v=2.3.1
TRP</Creator>
        <Created>2019-08-02T06:47:53.288+02:00</Created>
        <LastChange>2020-03-17T10:20:23.275+01:00</LastChange>
        <TranskribusMetadata docId="190836" pageId="7550702" pageNr="8" tsid="25783909" status="GT" userId="34979" imgUrl="https://files.transkribus.eu/Get?id=XYHZAHEUNDQDMXCCCLLVTKFL&amp;fileType=view" xmlUrl="https://files.transkribus.eu/Get?id=KSFAVJRIWAWIUTFEAAUDYSIC" imageId="4551580"/>
    </Metadata>
    <Page imageFilename="UAT_407_080_008.jpg" imageWidth="4324" imageHeight="5213">
        <ReadingOrder>
            <OrderedGroup id="ro_1612255536098" caption="Regions reading order">
                <RegionRefIndexed index="0" regionRef="r1"/>
            </OrderedGroup>
        </ReadingOrder>
        <TextRegion orientation="0.0" id="r1" custom="readingOrder {index:0;}">
            <Coords points="396,251 396,4887 4007,4887 4007,251"/>
            <TextLine id="r1l1" custom="readingOrder {index:0;}">
                <Coords points="393,394 433,391 438,395 446,385 451,389 483,386 468,225 446,227 416,252 411,248 380,251"/>
                <Baseline points="408,318 453,314"/>
                <TextEquiv>
                    <Unicode>6</Unicode>
                </TextEquiv>
            </TextLine>
            <TextLine id="r1l2" custom="readingOrder {index:1;}">
                <Coords points="388,466 727,545 2801,387 3452,491 3973,391 3541,219 2953,339 1437,224 1106,330 815,218 385,357"/>
                <Baseline points="411,445 587,441 764,437 941,433 1118,429 1295,425 1472,421 1649,417 1826,414 2003,410 2180,407 2356,403 2533,399 2710,397 2887,393 3064,390 3241,387 3418,384 3595,382 3772,379 3949,377"/>
                <TextEquiv>
                    <Unicode>Dampfer der Linie in den durch eine Barra (6 Faden</Unicode>
                </TextEquiv>
            </TextLine>
            <TextLine id="r1l3" custom="readingOrder {index:2;}">
                <Coords points="445,631 3891,553 3414,378 3267,471 442,487"/>
                <Baseline points="468,592 638,585 808,578 978,572 1148,566 1318,561 1488,556 1658,551 1828,547 1998,543 2168,540 2338,536 2508,533 2678,531 2848,529 3018,527 3188,526 3358,525 3528,524 3698,523 3869,523"/>
                <TextEquiv>
                    <Unicode>Tiefe bei Flut) abgetrennten Innenhafen oder Kriek, der</Unicode>
                </TextEquiv>
            </TextLine>
            <TextLine id="r1l4" custom="readingOrder {index:3;}">
                <Coords points="407,749 1567,798 3436,616 3723,716 3889,552 403,632"/>
                <Baseline points="427,722 599,721 771,718 943,714 1115,709 1288,704 1460,697 1632,690 1804,683 1976,675 2149,668 2321,661 2493,654 2665,648 2837,642 3010,638 3182,635 3354,633 3526,632 3698,633 3871,637"/>
                <TextEquiv>
                    <Unicode>von der eigentlichen kreisförmigen Bucht als schiefer</Unicode>
                </TextEquiv>
            </TextLine>
            <TextLine id="r1l5" custom="readingOrder {index:4;}">
                <Coords points="416,877 3699,767 3499,621 1211,793 411,742"/>
                <Baseline points="439,850 600,849 762,847 924,843 1086,839 1248,833 1410,827 1572,820 1734,812 1896,804 2058,796 2219,789 2381,781 2543,774 2705,768 2867,762 3029,757 3191,753 3353,751 3515,750 3677,751"/>
                <TextEquiv>
                    <Unicode>langer Sporn unvermittelt abzweigt. Malerische</Unicode>
                </TextEquiv>
            </TextLine>
            <TextLine id="r1l6" custom="readingOrder {index:5;}">
                <Coords points="422,1061 1153,945 1778,1050 1955,918 2774,873 3998,973 3994,843 3505,749 418,903"/>
                <Baseline points="442,979 618,971 795,963 971,954 1148,944 1325,935 1501,925 1678,916 1854,907 2031,899 2208,892 2384,885 2561,880 2737,876 2914,874 3091,874 3267,875 3444,879 3620,885 3797,893 3974,905"/>
                <TextEquiv>
                    <Unicode>Ufer. Abds. Spaziergang bei Vollmond unter den Palmen</Unicode>
                </TextEquiv>
            </TextLine>
            <TextLine id="r1l7" custom="readingOrder {index:6;}">
                <Coords points="439,1141 545,1169 716,1102 967,1133 1000,1094 1099,1082 1209,1110 1270,1078 1260,939 1151,997 1045,964 935,1009 849,1002 776,1053 691,1014 583,1072 434,1074"/>
                <Baseline points="458,1122 497,1121 536,1119 576,1118 615,1115 655,1113 694,1111 734,1108 773,1104 813,1101 852,1097 891,1094 931,1091 970,1087 1010,1084 1049,1081 1089,1077 1128,1075 1168,1072 1207,1069 1247,1068"/>
                <TextEquiv>
                    <Unicode>an der Bucht.</Unicode>
                </TextEquiv>
            </TextLine>
            <TextLine id="r1l8" custom="readingOrder {index:7;}">
                <Coords points="535,1310 1181,1223 2140,1310 2419,1169 2892,1283 3572,1163 3568,1050 3116,1013 2917,1115 1760,1035 530,1166"/>
                <Baseline points="555,1268 704,1255 854,1244 1004,1233 1153,1224 1303,1215 1453,1208 1602,1200 1752,1194 1902,1189 2052,1183 2201,1179 2351,1175 2501,1171 2650,1167 2800,1164 2950,1161 3099,1158 3249,1155 3399,1153 3549,1150"/>
                <TextEquiv>
                    <Unicode>7.IV. Früh um 5 an Land bei Abfahrt des Dampfers. Mit</Unicode>
                </TextEquiv>
            </TextLine>
            <TextLine id="r1l9" custom="readingOrder {index:8;}">
                <Coords points="377,1425 3927,1351 3780,1162 372,1277"/>
                <Baseline points="400,1410 575,1404 750,1397 925,1390 1100,1383 1276,1375 1451,1368 1626,1361 1801,1354 1976,1347 2152,1340 2327,1334 2502,1328 2677,1323 2852,1318 3028,1313 3203,1309 3378,1305 3553,1303 3728,1301 3904,1300"/>
                <TextEquiv>
                    <Unicode>Dr. Janensch 4 leere Zimmer in d. Boma (Festung) erhalten, Herr</Unicode>
                </TextEquiv>
            </TextLine>
            <TextLine id="r1l10" custom="readingOrder {index:9;}">
                <Coords points="429,1619 3891,1471 2822,1308 424,1439"/>
                <Baseline points="449,1555 628,1547 808,1538 988,1529 1168,1520 1348,1511 1528,1503 1708,1495 1888,1487 2068,1480 2248,1474 2428,1469 2608,1464 2788,1461 2968,1459 3148,1458 3328,1459 3508,1462 3688,1466 3868,1471"/>
                <TextEquiv>
                    <Unicode>Sattler beim Vice-Bezirksamtmann. Essen u. Aufenthalt im Usagara-</Unicode>
                </TextEquiv>
            </TextLine>
            <TextLine id="line_1582876535273_209" custom="readingOrder {index:10;}">
                <Coords points="410,1805 1278,1640 3563,1635 3724,1480 2092,1477 403,1643"/>
                <Baseline points="428,1699 470,1697 513,1694 556,1692 599,1690 642,1687 685,1685 727,1683 770,1681 813,1680 856,1677 899,1675 942,1673 985,1670 1027,1668 1070,1665 1113,1662 1156,1659 1199,1655 1242,1652 1285,1647 1469,1632 1580,1628 1692,1624 1804,1620 1916,1615 2028,1611 2139,1606 2251,1602 2363,1597 2475,1593 2587,1589 2698,1586 2810,1583 2922,1581 3034,1579 3146,1577 3257,1577 3369,1577 3481,1578 3593,1580 3705,1583"/>
                <TextEquiv>
                    <Unicode>Haus (D. O. A. G) Fremde Vogelwelt. In d. Palmen viel</Unicode>
                </TextEquiv>
            </TextLine>
            <TextLine id="r1l13" custom="readingOrder {index:11;}">
                <Coords points="440,1935 1164,1776 2736,1720 2870,1823 3867,1708 3862,1595 3271,1582 433,1759"/>
                <Baseline points="460,1829 629,1817 798,1805 967,1794 1136,1784 1305,1774 1474,1766 1644,1757 1813,1749 1982,1742 2151,1735 2320,1729 2489,1723 2658,1718 2828,1713 2997,1709 3166,1706 3335,1703 3504,1700 3673,1698 3843,1697"/>
                <TextEquiv>
                    <Unicode>gelbe, ähnlich Kanarienvögeln m. Webernestern. Schwalben</Unicode>
                </TextEquiv>
            </TextLine>
            <TextLine id="r1l14" custom="readingOrder {index:12;}">
                <Coords points="441,2044 2954,1860 3436,1955 3869,1858 3866,1759 1437,1781 1341,1871 1162,1778 437,1936"/>
                <Baseline points="463,1978 632,1966 801,1956 970,1945 1140,1935 1309,1925 1478,1917 1647,1909 1817,1902 1986,1895 2155,1889 2324,1883 2494,1877 2663,1872 2832,1868 3001,1864 3171,1860 3340,1857 3509,1855 3678,1852 3848,1850"/>
                <TextEquiv>
                    <Unicode>d. europäischen sehr ähnlich, gleiches Rot statt an d. Kehle auf</Unicode>
                </TextEquiv>
            </TextLine>
            <TextLine id="r1l15" custom="readingOrder {index:13;} gap {offset:38; length:0;}">
                <Coords points="460,2137 3726,2065 3972,2037 3965,1857 456,2047"/>
                <Baseline points="480,2124 653,2112 826,2099 1000,2088 1173,2078 1346,2068 1520,2059 1693,2050 1866,2042 2040,2036 2213,2028 2386,2022 2560,2016 2733,2011 2906,2006 3080,2001 3253,1997 3426,1992 3600,1988 3773,1984 3947,1980"/>
                <TextEquiv>
                    <Unicode>dem Kopf, außerdem d. Mehlschwalbe(?)  und Segler</Unicode>
                </TextEquiv>
            </TextLine>
            <TextLine id="r1l16" custom="readingOrder {index:14;} textStyle {offset:33; length:1;strikethrough:true; fontSize:0.0; kerning:0;}">
                <Coords points="439,2285 1919,2301 2431,2156 3507,2222 3843,2175 3838,2045 432,2132"/>
                <Baseline points="459,2259 626,2253 794,2246 962,2238 1130,2231 1298,2224 1466,2216 1634,2209 1802,2201 1970,2194 2138,2186 2305,2178 2473,2170 2641,2163 2809,2155 2977,2148 3145,2141 3313,2134 3481,2127 3649,2121 3817,2115"/>
                <TextEquiv>
                    <Unicode>kleiner als heimische, ebenfalls z oft zu dreien fliegend.</Unicode>
                </TextEquiv>
            </TextLine>
            <TextLine id="r1l17" custom="readingOrder {index:15;}">
                <Coords points="581,2438 3979,2293 3974,2198 3377,2151 1042,2362 574,2290"/>
                <Baseline points="603,2420 770,2411 938,2403 1105,2395 1273,2385 1440,2376 1608,2366 1775,2356 1943,2347 2110,2337 2278,2328 2445,2319 2613,2310 2780,2303 2948,2295 3115,2288 3283,2281 3450,2276 3618,2271 3785,2267 3953,2265"/>
                <TextEquiv>
                    <Unicode>Löwengefahr größer als zu Haus bekannt. Vor kurzem</Unicode>
                </TextEquiv>
            </TextLine>
            <TextLine id="r1l18" custom="readingOrder {index:16;}">
                <Coords points="429,2610 3786,2435 3495,2286 1492,2467 421,2421"/>
                <Baseline points="451,2566 616,2555 782,2544 947,2535 1113,2526 1279,2516 1444,2508 1610,2500 1775,2493 1941,2486 2107,2478 2272,2472 2438,2465 2603,2459 2769,2452 2935,2445 3100,2438 3266,2431 3431,2424 3597,2416 3763,2409"/>
                <TextEquiv>
                    <Unicode>in d. Nähe 12 Leute geschlagen, sogar auf d. Markt in</Unicode>
                </TextEquiv>
            </TextLine>
            <TextLine id="r1l19" custom="readingOrder {index:17;}">
                <Coords points="409,2765 3978,2599 3888,2395 2350,2588 402,2594"/>
                <Baseline points="429,2702 605,2693 781,2684 957,2675 1134,2668 1310,2660 1486,2653 1663,2647 1839,2640 2015,2634 2192,2628 2368,2621 2544,2615 2720,2608 2897,2600 3073,2594 3249,2586 3426,2578 3602,2569 3778,2560 3955,2550"/>
                <TextEquiv>
                    <Unicode>Lindi gekommen. Klima wenigstens augenblicklich offen„</Unicode>
                </TextEquiv>
            </TextLine>
            <TextLine id="r1l20" custom="readingOrder {index:18;}">
                <Coords points="437,2905 3895,2807 3918,2581 431,2761"/>
                <Baseline points="459,2852 631,2844 803,2836 975,2827 1147,2818 1320,2809 1492,2801 1664,2792 1836,2784 2008,2776 2181,2768 2353,2761 2525,2755 2697,2749 2869,2743 3042,2738 3214,2735 3386,2732 3558,2730 3730,2729 3903,2730"/>
                <TextEquiv>
                    <Unicode>bar ungesund. Viele Erzählungen von Krankheiten (Malaria</Unicode>
                </TextEquiv>
            </TextLine>
            <TextLine id="r1l21" custom="readingOrder {index:19;}">
                <Coords points="421,3042 1149,3098 1846,2938 2215,3043 2463,2912 3021,3019 3269,2898 3570,2982 3795,2834 2427,2769 1903,2887 416,2898"/>
                <Baseline points="444,3021 610,3007 776,2993 943,2982 1109,2971 1276,2962 1442,2955 1609,2948 1775,2942 1942,2936 2108,2931 2274,2927 2441,2923 2607,2919 2774,2916 2940,2912 3107,2908 3273,2904 3440,2900 3606,2895 3773,2890"/>
                <TextEquiv>
                    <Unicode>u. Schwarzwasserfieber) u. Todesfällen. Menschen machen</Unicode>
                </TextEquiv>
            </TextLine>
            <TextLine id="r1l22" custom="readingOrder {index:20;}">
                <Coords points="439,3265 1794,3094 3360,3137 3617,3018 3752,3112 4002,3062 3994,2859 3571,2980 2410,2930 1320,3068 1154,2966 432,3080"/>
                <Baseline points="457,3163 633,3151 809,3140 985,3130 1161,3121 1337,3112 1513,3104 1689,3096 1865,3088 2041,3082 2217,3075 2393,3069 2569,3063 2745,3057 2921,3052 3097,3046 3273,3040 3449,3035 3625,3029 3801,3023 3977,3018"/>
                <TextEquiv>
                    <Unicode>freundlichen Eindruck im Gegensatz zu d. bisherigen Hafen„</Unicode>
                </TextEquiv>
            </TextLine>
            <TextLine id="r1l23" custom="readingOrder {index:21;}">
                <Coords points="453,3400 1111,3383 1286,3263 1903,3343 2128,3226 2983,3296 3293,3171 3857,3276 3903,3075 2545,3169 2343,3073 2148,3176 2032,3085 448,3260"/>
                <Baseline points="470,3304 640,3292 811,3281 981,3273 1152,3264 1323,3255 1493,3248 1664,3240 1835,3234 2005,3227 2176,3222 2347,3216 2517,3210 2688,3204 2859,3199 3029,3193 3200,3187 3371,3181 3541,3175 3712,3167 3883,3160"/>
                <TextEquiv>
                    <Unicode>gesindel, große Achtung u. Ehrerbietung wenigstens äußerlich</Unicode>
                </TextEquiv>
            </TextLine>
            <TextLine id="r1l24" custom="readingOrder {index:22;}">
                <Coords points="422,3474 835,3549 1231,3421 1429,3522 1721,3380 3714,3388 3779,3210 1878,3348 1505,3267 420,3420"/>
                <Baseline points="442,3459 607,3448 773,3438 939,3429 1105,3420 1271,3413 1437,3406 1602,3399 1768,3393 1934,3387 2100,3381 2266,3377 2432,3371 2598,3366 2763,3361 2929,3356 3095,3351 3261,3345 3427,3339 3593,3333 3759,3325"/>
                <TextEquiv>
                    <Unicode>gegen jeden Weißen, heiter u. sehr bedürfnislos. Viel</Unicode>
                </TextEquiv>
            </TextLine>
            <TextLine id="r1l25" custom="readingOrder {index:23;}">
                <Coords points="426,3659 1437,3568 1716,3675 1838,3558 2796,3500 3313,3603 3914,3523 3911,3428 3362,3340 3199,3445 419,3474"/>
                <Baseline points="447,3600 619,3596 791,3591 963,3585 1135,3579 1307,3571 1479,3564 1651,3556 1823,3548 1995,3540 2168,3533 2340,3525 2512,3518 2684,3512 2856,3506 3028,3501 3200,3497 3372,3494 3544,3492 3716,3492 3889,3493"/>
                <TextEquiv>
                    <Unicode>Kettengefangene. Auffallend d. fast stets nach außen vor„</Unicode>
                </TextEquiv>
            </TextLine>
            <TextLine id="line_1582876548524_214" custom="readingOrder {index:24;}">
                <Coords points="461,3830 3828,3681 3615,3517 3005,3610 2533,3504 1717,3653 1147,3572 456,3672"/>
                <Baseline points="479,3752 609,3744 739,3736 869,3729 999,3723 1129,3717 1259,3711 1389,3706 1519,3701 1649,3696 1780,3692 1910,3687 2040,3683 2170,3680 2300,3676 2430,3673 2560,3669 2690,3667 2820,3663 2950,3660 3081,3657 3364,3634 3389,3634 3415,3635 3441,3635 3467,3637 3492,3637 3518,3638 3544,3639 3570,3641 3595,3642 3621,3643 3647,3643 3673,3645 3698,3645 3724,3645 3750,3646 3776,3645 3802,3645"/>
                <TextEquiv>
                    <Unicode>gestülpte Nabelknopf, besonders bei Kindern. Zwischen</Unicode>
                </TextEquiv>
            </TextLine>
            <TextLine id="r1l28" custom="readingOrder {index:25;}">
                <Coords points="440,3967 1028,3892 1181,3999 1437,3866 2212,3955 2799,3862 2792,3704 2551,3764 2458,3692 2033,3786 1840,3695 1521,3817 1314,3736 1120,3830 435,3837"/>
                <Baseline points="460,3924 575,3915 691,3907 806,3899 922,3892 1038,3885 1153,3879 1269,3873 1385,3867 1500,3863 1616,3858 1732,3853 1847,3849 1963,3845 2079,3842 2194,3838 2310,3834 2426,3831 2541,3827 2657,3824 2773,3820"/>
                <TextEquiv>
                    <Unicode>2 und 5 meist starke Regengüsse (nachm.)</Unicode>
                </TextEquiv>
            </TextLine>
            <TextLine id="r1l29" custom="readingOrder {index:26;}">
                <Coords points="513,4162 839,4057 1041,4173 1348,4050 2131,4139 2708,3999 2865,4111 4029,4007 4024,3872 3871,3863 507,3946"/>
                <Baseline points="535,4079 708,4074 882,4069 1055,4062 1229,4057 1403,4050 1576,4043 1750,4037 1923,4030 2097,4024 2271,4017 2444,4012 2618,4006 2791,4000 2965,3995 3139,3991 3312,3987 3486,3985 3659,3982 3833,3981 4007,3981"/>
                <TextEquiv>
                    <Unicode>8.IV. Nachm. Probeweis Aufschlagen der Zelte im Hofe der</Unicode>
                </TextEquiv>
            </TextLine>
            <TextLine id="r1l30" custom="readingOrder {index:27;} textStyle {offset:37; length:4;strikethrough:true; fontSize:0.0; kerning:0;}">
                <Coords points="395,4284 4012,4200 4007,4025 3718,3992 3626,4085 3492,3989 2851,4116 391,4131"/>
                <Baseline points="418,4236 596,4228 775,4221 953,4214 1132,4208 1310,4201 1489,4195 1667,4190 1846,4184 2024,4179 2203,4174 2382,4169 2560,4164 2739,4160 2917,4156 3096,4152 3274,4148 3453,4144 3631,4141 3810,4137 3989,4133"/>
                <TextEquiv>
                    <Unicode>Boma. Etwa 60 Träger schon seit Ende Febr März bereit.</Unicode>
                </TextEquiv>
            </TextLine>
            <TextLine id="r1l31" custom="readingOrder {index:28;}">
                <Coords points="485,4453 3939,4347 3935,4216 3459,4270 3177,4156 2559,4309 2126,4312 1992,4190 1834,4316 480,4263"/>
                <Baseline points="505,4406 675,4400 846,4394 1016,4389 1187,4384 1358,4378 1528,4373 1699,4367 1869,4362 2040,4357 2211,4352 2381,4347 2552,4343 2722,4338 2893,4334 3064,4330 3234,4326 3405,4322 3575,4318 3746,4314 3917,4311"/>
                <TextEquiv>
                    <Unicode>9.IV. Nachm. Ausflug m. Dr. Janensch auf Höhe hinter d.</Unicode>
                </TextEquiv>
            </TextLine>
            <TextLine id="r1l32" custom="readingOrder {index:29;}">
                <Coords points="382,4578 745,4668 1413,4530 1939,4639 2121,4522 2443,4622 2747,4511 4032,4547 4029,4417 3689,4353 2650,4446 2161,4345 1975,4467 787,4514 379,4434"/>
                <Baseline points="404,4570 584,4564 764,4558 944,4553 1124,4547 1304,4541 1484,4536 1665,4531 1845,4525 2025,4521 2205,4516 2385,4511 2565,4507 2745,4503 2926,4499 3106,4496 3286,4493 3466,4490 3646,4488 3826,4486 4007,4485"/>
                <TextEquiv>
                    <Unicode>Stadt gegen Kitulo. Blick auf d. Bucht, etwas Seebrise. Zweier„</Unicode>
                </TextEquiv>
            </TextLine>
            <TextLine id="r1l33" custom="readingOrder {index:30;}">
                <Coords points="373,4765 1043,4713 1268,4804 1781,4677 2217,4751 2314,4684 2308,4545 1654,4637 1002,4579 762,4665 660,4592 554,4650 367,4594"/>
                <Baseline points="396,4729 490,4724 585,4719 680,4715 775,4711 869,4707 964,4704 1059,4701 1154,4698 1248,4695 1343,4692 1438,4689 1533,4686 1627,4683 1722,4679 1817,4675 1912,4672 2006,4668 2101,4663 2196,4658 2291,4652"/>
                <TextEquiv>
                    <Unicode>bei Nummulitengestein, eins rötlich.</Unicode>
                </TextEquiv>
            </TextLine>
            <TextLine id="r1l34" custom="readingOrder {index:31;}">
                <Coords points="558,4910 3964,4889 3961,4727 3193,4646 2889,4760 555,4734"/>
                <Baseline points="579,4853 747,4854 915,4853 1083,4852 1251,4849 1419,4846 1587,4842 1755,4838 1923,4833 2091,4828 2259,4824 2427,4819 2595,4815 2763,4811 2931,4808 3099,4806 3267,4805 3435,4805 3603,4806 3771,4808 3939,4813"/>
                <TextEquiv>
                    <Unicode>40 Träger gehen mit Lasten voraus, um am Tendaguru vor„</Unicode>
                </TextEquiv>
            </TextLine>
            <TextEquiv>
                <Unicode>6&#xD;
Dampfer der Linie in den durch eine Barra (6 Faden&#xD;
Tiefe bei Flut) abgetrennten Innenhafen oder Kriek, der&#xD;
von der eigentlichen kreisförmigen Bucht als schiefer&#xD;
langer Sporn unvermittelt abzweigt. Malerische&#xD;
Ufer. Abds. Spaziergang bei Vollmond unter den Palmen&#xD;
an der Bucht.&#xD;
7.IV. Früh um 5 an Land bei Abfahrt des Dampfers. Mit&#xD;
Dr. Janensch 4 leere Zimmer in d. Boma (Festung) erhalten, Herr&#xD;
Sattler beim Vice-Bezirksamtmann. Essen u. Aufenthalt im Usagara-&#xD;
Haus (D. O. A. G) Fremde Vogelwelt. In d. Palmen viel&#xD;
gelbe, ähnlich Kanarienvögeln m. Webernestern. Schwalben&#xD;
d. europäischen sehr ähnlich, gleiches Rot statt an d. Kehle auf&#xD;
dem Kopf, außerdem d. Mehlschwalbe(?)  und Segler&#xD;
kleiner als heimische, ebenfalls z oft zu dreien fliegend.&#xD;
Löwengefahr größer als zu Haus bekannt. Vor kurzem&#xD;
in d. Nähe 12 Leute geschlagen, sogar auf d. Markt in&#xD;
Lindi gekommen. Klima wenigstens augenblicklich offen„&#xD;
bar ungesund. Viele Erzählungen von Krankheiten (Malaria&#xD;
u. Schwarzwasserfieber) u. Todesfällen. Menschen machen&#xD;
freundlichen Eindruck im Gegensatz zu d. bisherigen Hafen„&#xD;
gesindel, große Achtung u. Ehrerbietung wenigstens äußerlich&#xD;
gegen jeden Weißen, heiter u. sehr bedürfnislos. Viel&#xD;
Kettengefangene. Auffallend d. fast stets nach außen vor„&#xD;
gestülpte Nabelknopf, besonders bei Kindern. Zwischen&#xD;
2 und 5 meist starke Regengüsse (nachm.)&#xD;
8.IV. Nachm. Probeweis Aufschlagen der Zelte im Hofe der&#xD;
Boma. Etwa 60 Träger schon seit Ende Febr März bereit.&#xD;
9.IV. Nachm. Ausflug m. Dr. Janensch auf Höhe hinter d.&#xD;
Stadt gegen Kitulo. Blick auf d. Bucht, etwas Seebrise. Zweier„&#xD;
bei Nummulitengestein, eins rötlich.&#xD;
40 Träger gehen mit Lasten voraus, um am Tendaguru vor„</Unicode>
            </TextEquiv>
        </TextRegion>
    </Page>
</PcGts>
