4324 5213
357 235 645 440 112
489 235 3115 577 Sonnenuntergang von reinem Glanz.
701 395 4051 741 Abend: „Kalte Ente“, die einzig mögliche Form dieser
526 770 940 943 Feier.
762 808 3949 1119 25 Dez. Es wurde eine Barappi-Herde im S. an Lindi-
507 990 3783 1260 Wege gemeldet. Wollten beide gehen, um den Feiertag
578 1145 3800 1438 zu markieren, es war aber doch Einer bei der Arbeit
549 1275 3731 1627 erforderlich. Ich blieb daher. Janensch erlegte ein Tier.
544 1441 3755 1761 Am Nachm. gegen 2 erhielt ich Meldung, der Einzelgänger,
568 1627 3844 1959 auf den ich schon oft gefahndet habe, dicht südlich am Lager,
558 1746 3882 2096 sei soeben über d. Weg gegangen. Machte mich sofort
559 1986 3886 2241 auf, fand die Spur sehr bald, aber d. Wind war schlecht.
562 2188 4046 2386 Ich hörte das Barappi dreimal, meine beiden Begleiter
542 2287 3996 2587 sahen es sogar zweimal. Ich folgte in dichtestes, scheußliches
564 2428 3393 2756 Gestrüpp hinab u. mußte schließlich abstehen.
738 2663 1651 2938 Poscho-Zahlung.
339 2842 3815 3183 Sonntag 26. Dez. Folgte meinem ursprünglichen Plan heut
569 3056 3825 3416 die Barappis am Maimbwi aufzusuchen, obwohl sie
552 3339 4045 3610 durch Janensch gestern verscheucht oder doch scheu gemacht
529 3492 4066 3769 sein konnten. Irrten sehr sehr lange umher, ehe wir auf
569 3634 4004 3923 eine kleinere Herde von vielleicht 8 Tieren stießen.
615 3793 3982 4113 Ich kam dicht heran u. sah über einen Hügel hinüber
612 3962 3869 4310 die gesamten Köpfe, die sich mir sofort zuwandten,
631 4126 3996 4470 sodaß ich lange stillhalten mußte, ohne nur d. Gewehr
587 4271 3963 4654 heben zu können. Ein Schuß, den ich abgab, sobald mir
595 4411 4047 4760 nur ein Hals zu Gesicht kam, ging fehl. Wir verloren
643 4592 3954 4929 sie. Beim Weitersuchen erst eine kl. Giftschlange ge„
