4324 5213
3565 141 3737 209 49
349 248 4037 449 viel Fossilien gesammelt, aber meist gleiche Formen gebracht
377 346 3922 639 u. damit meine Erwartungen nicht erfüllt. Ausgesucht.
379 531 3988 770 Andre haben Feuer in d. große Grasebene gelegt, jedoch ist
376 638 3940 969 die Masse des Grases Sieger geblieben. Ich hatte hier Torf,
365 819 3925 1088 Seen oder doch Überschwemmungsland erwartet, höre
378 970 3819 1318 aber, daß sich auch in d. Regenzeit kein stehendes
371 1152 4060 1476 größeres Wasser sammeln soll. Dennoch den hierfür
369 1314 4057 1590 mitgebrachten Handbohrer mitgenommen u. angesetzt.
376 1463 4015 1748 Bis 1½ m. Tiefe schwarze, unten sandigere Humuserde,
392 1616 4112 1912 aber kein Torf. Nahm die Probe mit. Dann gejagt bis gegen
417 1818 3331 2137 8 Uhr, da Mondschein. Noch immer keine Beute.
588 1948 4029 2211 Nachts um 12 weckte mich Ali: „Simba“. Er war höch„
413 2099 4064 2440 stens 5 Min. entfernt, wäre er am Abend gekommen,
426 2215 3926 2590 hätte er uns abgeschnitten. Ich legte die Waffen bereit,
436 2410 3872 2727 mich auf d. andre Seite u. schlief weiter. Auch den
420 2600 3853 2877 Leuten schien er nicht sehr furchtbar, ich hörte sie
419 2820 1299 3054 noch lachen.
691 2882 3799 3262 27. Juli: Ab 5 Uhr, wäre gern eher aufgebrochen,
434 3111 3875 3398 hatte aber keine Lichte mehr, auch wollte ich dem
444 3315 3816 3547 Löwen nicht in den Rachen laufen. Barrabarra
442 3449 3935 3719 bis zum Akiden, wie erwartet, ca 3½ Std., daher nach
473 3664 3921 3934 halbstündiger Rast weiter zum Tendaguru. Keine
446 3768 3991 4084 Aufschlüsse, nur anfangs über den Weg laufend ein
481 4024 3966 4292 Hügelrücken, ähnlich wie im Gneisgebiet und ein
456 4204 3900 4445 fossilführender, aber offenbar früher als Mahlstein
422 4343 3956 4616 hergeschleppter Block in ehemaligen Schamben. Weg gut,
419 4461 3886 4739 nur stellenweise durch Trockensprünge holperig, zur Regenzeit
423 4577 4070 4894 wohl höchst peinlich; viele Spuren (auch Löwe, Elephant, Flußpferd) von
422 4760 3677 5003 der letzten her. Mehrere Scharen Perlhühner, mit Annäherung
