4324 5214
3710 218 3880 348 65
375 208 2367 479 Beckenknochen ist bereits freigelegt.
531 438 3887 630 4. Sept. Schoß morgens eine Zibethkatze in d. Falle an d.
452 611 3987 797 neuen Quelle, ging dann weiter flußabwärts u. fand
439 691 3943 896 mich zu meinem Erstaunen in kürzester Zeit an der
440 919 4045 1083 Barrabarra, ich weiß nicht auf welchem Wege. Wieder
440 1029 3956 1248 zum „Mtapaiasaurus“. Vielfach Land-(West-) u. Nordwind,
441 1200 3894 1423 nachm. etwas Regen. Gegen Abend mit Janensch auf
447 1374 4026 1560 d. Wege zum Karani Ligoma, um ihm meinen neuen
459 1525 2123 1772 Knochenfund zu zeigen.
626 1697 4133 1947 Sonntag d. 5 Sept: Bedeckt, wollte im Bache etwas „klopfen“,
437 1871 3837 2103 wurde aber durch Regen vertrieben. D. ganzen Tag
436 2011 2928 2298 regnerisch. Gemalt, Briefe geschrieben.
762 2201 4073 2469 6 Sept. Nachm. Jagdausflug ohne etwas zu erblicken.
485 2493 4037 2686 In Graben VIII sind mehrere ungeheure Rippenköpfe zum
522 2665 4080 2909 Vorschein gekommen, die auch an der Rippennatur des
491 2815 3932 3019 2 m. langen, vermeintlichen Os pubis keinen Zweifel
500 2997 4109 3190 lassen. Auf d. Rückweg von Mtapaia wurde ich in einem
494 3148 4069 3366 Gespräch zwischen Jesus u. Pilatus durch eine Affenschar
476 3327 4002 3569 gestört, wollte sie zeichnen, doch sie saßen nicht still,
494 3441 4068 3662 wollte schießen, traf aber nicht u. verlor sie im Gestrüpp.
528 3651 4031 3912 7. Sept. Morgens ein Wildschwein geschossen, die Antilo„
504 3794 3955 4055 pen sehen besser, sind daher sehr schwer anzuschleichen.
494 3923 3905 4218 Zu den Rippen in Graben VIII findet sich auch die
472 4083 2949 4377 Rumpfwirbelsäule. Briefe geschrieben.
597 4272 4107 4589 8 Sept. In der Falle ein Leopard, den wir mit 3 Schüssen
473 4470 4033 4639 erlegten, also schon ein kleiner „Fortschritt“. Im Graben III
472 4618 3900 4803 gezeichnet u. abgehoben. 3 Beinknochen, 2 Rippen u. im
467 4733 3921 4977 Graben VIll ein ungeheurer Halswirbel (?) kommen zum
