4324 5213
358 243 490 403 54
460 240 3742 463 nun warten, bis er selbst dazu gekommen ist; ich
436 379 3818 689 vermag nicht abzusehen, wann das sein kann. Und
427 570 3930 845 doch gäbe es so viel in Erfahrung zu bringen, so wenig
421 717 3862 951 im Lager zu versäumen, da wir zu zweit sind.
412 874 3757 1215 Ich muß mich nun noch mehr zurückhalten u.
414 1064 3920 1427 gäbe so gern etwas Volldampf! Indessen kommen
438 1273 3804 1505 wir als ruhige Naturen gut miteinander aus
437 1416 3996 1745 u. ich besonders fühle mich verpflichtet ferner darauf
431 1657 3692 1927 zu halten. Ich will auch keineswegs seien großen
437 1795 3939 2102 Verdienste schmälern, nur etwas raschere Tatkraft ihm
417 2002 3883 2240 wünschen. Denn unser Unternehmen ist so ungewöhn„
434 2144 3932 2415 lich großartig, daß nicht das Geringste ungetan blei„
420 2319 3765 2617 ben darf und - aufgeschoben kann hier so leicht
427 2518 2038 2794 zu aufgehoben werden!
626 2593 3891 2997 4. August. Wohl der erfolgreichste bisherige Tag unserer
501 2809 3873 3100 Grabungen. In Graben VII wird eine längere Schwanz„
503 3076 3828 3339 wirbelsäule aufgedeckt u. erweckt beste Hoffnungen
499 3224 3776 3465 auf ein „August-Skelett.“ In Graben II werden zwei
479 3376 3884 3699 sehr gute u. interessante Extremitätenknochen gefunden,
515 3540 3721 3810 bei Skelett B mehrere hübsche Zähne u. ein neuartiger
516 3700 3878 3957 kurzer Oberschenkelknochen, in Graben VI auf der Nordseite
475 3866 3716 4119 ein gut erhaltener Wirbel u. andere kleinere Reste.
1006 4145 3751 4513 Die Zahnfunde bei Skelett S mehren sich täglich.
