4324 5214
3745 133 4012 339 119
476 261 4083 427 Wir dachten Dienstag mit dem Gouvernementsdam„
519 370 4100 680 pfer zu fahren, hören aber daß d. Schiff sehr klein ist
477 560 4116 833 und daß etwa 70 Kisten für uns fertig geworden sind.
480 709 3936 1028 Mir eine große Freude, denn es ist mir sehr unsym„
494 861 3758 1211 pathisch nicht alles sofort nach Haus schicken zu
459 1086 4004 1376 können u. über 200 Lasten Knochen - meines Er„
491 1306 3750 1566 achtens nicht hinreichend geschützt - am Tendaguru
523 1426 3939 1757 zurückgelassen zu haben. Wir sind ja was d. Regen
492 1597 4064 1934 anlangt, grade noch zu rechter Zeit dort fortgekom„
509 1815 3911 2158 men. Wäre ich aber allein, ich wäre noch oben ge„
497 2061 1041 2281 blieben!
565 2191 3916 2513 10-15. Januar: Knochenlasten verpackt mit Pausen u.
551 2391 3831 2678 Ruhetag, die durch Regen u. Grasschneiden bedingt
552 2555 3800 2878 waren. 15.I. Spaziergang durch d. ganzen Ort.
623 2703 3942 2994 Nachm. m. Janensch Besuche gemacht, eine zu törichte
578 2949 3830 3212 Sitte, die man nicht auch noch hierher verpflanzen
580 3143 3733 3385 sollte. Ich allein hätte auch garnicht dran gedacht.
1094 3247 3601 3396 Sehr viel Gewitter, einmal mit eigentümlichem Donner.
651 3289 3672 3649 Sonntag d. 16. Januar: Vorm. Schach. m. Janensch.
721 3522 3702 3872 Nachm. Wir beide auf kleiner Dhau in d. Bucht
542 3688 4024 4012 gesegelt, kamen aber gegen d. auflaufende Wasser
557 3859 4013 4154 nicht vom Fleck u. blieben schließlich bei völliger
575 4083 4050 4296 Windstille ganz liegen. Gingen an's jenseitige Ufer,
561 4212 4019 4574 das außer zoolog. u. fossilen Funden prächtige Bilder
565 4382 3967 4714 bot. Unter Anderm Pflanzenreste anscheinend nicht
580 4603 1840 4870 zu jungen Datums.
779 4690 3910 4957 Abend: Mit M Wendt, Marks, Hrn. u. Frau Behmer bei
