4324 5213
3790 172 4034 304 47
392 207 4043 437 wie uns ja meist das, was uns auf Schritt u. Tritt um„
407 359 3834 630 giebt, fremder bleibt als was sich dem Auge nur
388 504 1568 794 gelegentlich zeigt.
1869 481 3841 751 Guten Fossilfunde üb. d. Trigonien-Schichten.
667 611 3821 967 Abds. nochmals auf Jagd. Verfolgte grade Rebhühner, als Ali mich
410 768 3950 1143 zurückrief an eine Stelle, wo wir - schon im Halbdunkel - eine Herde
418 903 4083 1286 großer, schwarzer Tiere vorbeiziehen  sahen. Meine Begleiter waren
472 1062 3802 1369 sich erst nicht einig, ob es Gnu's oder Büffel waren. Als sich
410 1174 3928 1522 letzteres herausstellte, ergriff ich mit d. Beiden auf d. Gefahr hin
420 1323 3863 1652 an Renommee zu verlieren, das Hasenpanier, denn mit
412 1445 3878 1771 meinen Schießkünsten ist an Büffeljagd für's Erste nicht zu
392 1603 4005 1942 denken. Ein Bulle machte denn auch Miene über den Flußlauf
468 1889 1165 2045 zu kommen.
598 1825 4038 2184 26. Juli: Um den Fossilfundpunkt noch ausbeuten zu können
424 1975 4063 2318 u. den Kamm des Mbalawala zu besteigen u. möglichst einen
414 2101 4018 2471 Einblick in den weißen Fleck auf d. Karte im Westen zu
425 2278 4115 2545 erhalten, um den Trägern u. Boys Ruhe zu gönnen u. waschen
428 2424 4061 2758 zu lassen, endlich weil ich ohne Janensch's Erlaubnis nicht
453 2577 3898 2911 zu lange bleiben wollte u. den Mbniko doch mehrere
463 2670 4102 3022 Tage hätte widmen müssen, ließ ich heut das Lager hier.
421 2841 4085 3179 Morgens mit Ali ein wenig auf Jagd. Um 7 mit Führer
426 2986 3898 3294 u. Träger die barrabarra rückwärts weit auf das
447 3155 3960 3468 Itukuru- (bezw. Mbalawala-, die Grenzen sind schwankend,
411 3312 3884 3615 der Teil nach S heißt Liala bis unter den Abhang hin)
413 3448 4109 3833 Plateau hinauf, bis wir links an den Fuß des Mbala-
429 3605 3765 3928 wala-Rückens gelangen konnten. Hier begann aber
404 3745 3844 4081 dichtes Gestrüpp („mwitu“) u. der Anstieg war steil, die
401 3948 3868 4250 Luft schwül. Da ich zu meiner Verwunderung und Ent„
402 4120 3952 4419 täuschung die fossilleeren roten Makonde-Schichten bis
382 4316 3957 4632 hinauf reichen sah, war ich mehrmals daran, um„
401 4407 3951 4759 zukehren. Aber die Möglichkeit eine Erstbesteigung vor„
393 4561 3920 4919 zunehmen u. d. Hoffnung auf Aussicht nach W. trugen
