4324 5213
311 254 483 420 98
632 196 3901 490 4. Dez. Morgens 5 Uhr Abmarsch über Kitulo-Rücken in's breite
536 389 3790 615 Lukuledi-Tal. Beim Aufstieg Einfallen d. Nummuliten-Schicht gegen
546 576 3570 773 den Berg beobachtet. Jenseits auf breiter geschotterter Straße durch
546 644 3806 881 Schwemmland. Kurze Rast im Schatten eines Dorfs. Kokosmilch voller
569 760 3753 1067 Wonne geschlürft. In Ngapa Mittagsrast, da schattige Schaurihalle
586 923 3746 1179 vorhanden. Um 2 weitergezogen, durch eine Pflanzung bis
613 1050 3942 1274 in's Lutamba-Tal, ein weites Becken zw. d. verhältnismäßig
623 1247 3794 1433 niedrigen Rändern des Noto-u. Rondo-Plateaus. Ankunft bei
634 1365 3374 1615 einem alleinwohnenden, armseligen Jumben gegen 4.
533 1512 3916 1791 Sonntag d. 5. Dez. ½5 Aufbruch üb. Tendangongoro-See auf eine Höhe,
617 1671 3648 1893 von der aus plötzlich Blick auf d. Lutamba-See. In dessen
603 1768 3838 2047 Hintergrunde scharf aus d. Plateau des Rondo herausgeschnittene
622 1908 3795 2149 Kuppen u. Spitzen. Hatte ein Puduka am Wege schießen wollen, das
611 2032 3931 2292 Gewehr versagte viermal; wollte um Kibokos zu schießen, Vollmantel laden,
650 2169 3695 2444 d. Patrone ging wieder aus d. Leim u. schüttete mir d. Lauf voll
634 2310 3965 2599 Pulver; wollte an einer schönen Stelle malen, aber Ali hatte d. Apparat
621 2414 3929 2720 ohne Films, d. Ölsachen ohne Pinsel, d. Aquarellsachen ohne Farben einge„
672 2556 3956 2865 packt. Daher etwas ärgerlich. Daß bis zum nächsten Dorf noch 3 Std.
669 2711 3947 2990 in großer Hitze zu laufen war, besserte meine Stimmung we„
691 2826 3718 3161 nig. Und doch war der See, zumal die Stelle, von der ich
641 2995 3944 3282 wenigstens eine flüchtige Zeichnung aufnahm, so überaus köstlich.
659 3231 3850 3475 Es war eine vorspringende Landzunge od. eigentlich Insel, denn
680 3304 3901 3607 sie wurde durch einen schilfbewachsenen aber trockenen Graben
700 3453 3828 3711 abgetrennt, über den eine gänzlich zerfallene Brücke einem
688 3634 3911 3908 gleichfalls verlassenen u. wüsten, b. ehemals befestigten Platze
741 3754 3823 4048 zuführte. Der Blick von hier bot wirklich in d. Umrahmung
705 3913 3706 4178 u. dem schönen Hintergrunde ein Bild von ausgesucht
678 4079 3813 4356 künstlerischer Harmonie. Nilpferde u. Krokodile bekam ich
662 4219 3872 4494 nicht zu sehen, ebensowenig Wasserböcke, deren Spuren ich
672 4369 3875 4660 nach Tisch auf mehrstündigem Jagdausfluge verfolgte in
683 4540 3975 4785 einem schönen Walde mit grünem Grasteppich. Sehr erstaunt
693 4706 4026 4920 war ich mehrmals durch fließendes Wasser waten zu müssen,
