4324 5213
313 189 526 355 32
470 221 3761 445 Straße in's Dickicht geschleppt. Ziege war getötet. Von
445 414 3966 619 dort auf d. barrabarra um d. Tendaguru zum Arbeitsplatz
439 515 3885 762 im Norden. Nachm. Schach. Abend. Gegen Sonnenuntergang auf
458 725 3519 963 dem Wege abwärts zu einem Knochenfundpunkt.
565 811 3655 1061 Abds. gelesen. Verdauung wieder regulär.
433 988 3870 1305 Sonntag d. 27. Juni: Vorm. m. Dr. J. u. 3 Boy's zu einer
444 1217 3814 1429 weiter gelegenen Quelle am Westfuß d. Tendaguru.
455 1375 3980 1588 Im Bachbett gute Aufschlüsse u. Fossilien, aber gelbe, mürbe,
261 1469 4006 1754 u. helle, feste, sehr grobe Sandsteine anscheinend wechsellagernd.
401 1704 1919 1954 Durch dichtes Pori zurück.
723 1764 3925 2057 Nachm. „Die Erhöferin“ ausgelesen. Erscheint mir in
471 1883 3975 2230 den Situationen gezwungen, in d. Darstellung nicht stets
442 2158 1368 2436 auf der Höhe.
693 2217 3812 2489 Boheti hatte auf meine Frage nach der gestrigen Muëra-
417 2421 3877 2672 Ngoma erzählt, sie sei ein Freudenfest aus Anlaß der Tötung
443 2518 3781 2800 des Leoparden gewesen. Die Muëra fürchteten d. Chui sehr u.
452 2689 3868 2937 tanzten aus gleichem Grunde nicht selten 3 Tage lang; dabei
465 2792 3820 3063 mache einer die Gebärden des Leoparden, u. überfiele ein
481 2908 3751 3237 Haus nach dem andern u. „erbeutete“ dabei Mtama, Reis,
458 3026 3845 3319 Tabak oder was ihm Jeder geben wolle. Ich äußerte den
460 3170 3906 3510 Wunsch dergl. zu sehen u. Boheti veranlaßte am Abend, als
494 3274 3936 3591 alle Leute zurückgekehrt waren, in der Tat diese Vorstellung.
491 3456 3991 3734 Freilich sah ich nur einen großen Kreis von Zuschauern u. in der
487 3562 4052 3878 üblichen Weise Tanzenden, darin anfangs einen Mann, später
465 3711 4006 4049 einander abwechselnd auch Mehrere zugleich mit wilden, un„
481 3873 3906 4183 geregelten Sprüngen u. Grimassen umhertoben, so wie ich mir
478 3972 4023 4255 wohl als Knabe den „wahren“ Tanz vorstellte. Mit Leoparden hatte
488 4103 3916 4365 das Ganze nicht das Geringste zu tun, außer daß der erste
499 4230 3830 4522 Tänzer (wohl kaum zufällig) hinten aus dem Lendenschurz ein
473 4354 3712 4673 langes Tuch herabhängen hatte, daß offenbar den Schwanz
455 4483 4012 4782 vorstellte. Die Vornehmheit erforderte, daß mein Boy die Lampe
462 4614 3915 4912 trug. Der halbe Mond hätte wohl geeignetere Beleuchtung ge„
483 4849 955 5008 spendet.
