4324 5213
336 236 453 464 4
626 182 3895 453 27.III. Somaliküste, Vorgebirge Ras Hafun, niedriges, ganz
395 365 3851 602 ebenes Land, aber Steilküste, horizontale Lagerung. Weiße
419 556 3993 808 u. rote Farben, letztere besonders auf in d. höheren Lagen
418 731 2650 1014 (Verwitterungserscheinung, Laterit?)
262 782 3897 1120 27. u. 28. Zahlreiche Scharen fliegender Fische vom Schiff auf„
433 1025 3657 1370 gescheucht, meist klein, darunter aber vereinzelte
423 1190 3691 1516 größere, die auch längere Strecken zurücklegen. Der
392 1316 3951 1601 erste Eindruck ist der von Schwalben wegen der wei„
368 1488 3982 1779 ßen Bauch- u. graubläulichen Rückenseite, Geschwindig„
374 1652 3833 1959 keit u. Richtungswechsel des Fluges. Der Flug geht
395 1788 3930 2078 dicht über dem Wasser hin u. schmiegt sich den Wellen„
368 1971 3963 2215 bergen u. -tälern beliebig an. Ich würde keinen Augen„
368 2098 3778 2373 blick an wirklichem Fluge zweifeln, glaube sogar die
355 2294 3928 2514 Bewegung der Flügel gelegentlich beobachtet zu haben,
403 2383 3988 2711 wenn nicht Möbius' Autorität noch bis zum vollendeten
384 2539 3813 2862 Beweis entgegenstünde. In Aden flogen übrigens auch
383 2709 4019 3004 Möven neben dem Schiff her in gleicher Schnelligkeit, nach
378 2875 3914 3192 Belieben es auch überholend, gegen den Wind und -
358 3082 4013 3334 ohne d. Flügel zu regen. Mir war das Verhalten ganz
378 3174 3779 3469 unklar, da auch d. Höhe die gleiche blieb. Ich kann
385 3319 3837 3646 nur annehmen, daß ein unsichtbares Vibrieren die
379 3524 3818 3749 Wirkung hervorbringt. Ähnlich oder ebenso mögen
373 3558 3990 3912 es die Fische machen. Auch mit Libellenflug ist d. Ähnlich„
366 3889 1037 4096 keit groß.
499 3977 3940 4206 28.III: Küste außer Sicht. Seit gestern stärkere Wolken„
376 4142 3837 4394 bildung, aber unverändert schönes Wetter. Etwas
331 4286 3958 4604 Wind, im Schatten mittags 12° C. Gestern fast still, aber
410 4455 4013 4767 angenehmre Luft u. Stampfen des Schiffes infolge kaum
370 4667 2040 4923 sichtbarer Dünung aus S.
482 4797 1512 5023 29.III. Äquator-Taufe.
