4324 5213
399 180 601 309 42
472 173 3871 502 gleichen roten Abstürzen wie der Noto, links u.
453 310 4038 612 rechts oft hübsche Blicke in Täler u. Hügelwälder.
451 455 4034 772 Kurz vor Matapua links ein höherer Hügel mit
427 636 3881 1040 steilen dunkelroten (freilich im Schatten) Wänden wie
469 781 4002 1204 der Lipungiro, nicht wie die großen Plateaus. Beim
434 977 3959 1384 Abstieg in's Mtshingiri-Tal wieder Konglomerate.
730 1160 4017 1574 Zugleich prächtiges Bild, auf d. Talkessel des Dorfes
580 1361 3993 1722 u. seine schöne vom Bananen eingefaßte Straße.
502 1533 3838 1867 D. Jumbe Nassoro, vor dessen Hause ich zwischen
479 1670 3973 2029 Kokospalmen u. Kautschukbäumen d. Zelt aufschlug,
504 1849 3872 2221 nicht anwesend, doch besuchte mich sein Nachbar
495 2031 3933 2373 Abdallah b. Sefu, ein verständiger Mann, mit dem
519 2179 3990 2558 ich viel über Afrika u. Uluga schwätzte. Ich aß, wie
496 2365 3989 2701 Cook sagt, öffentlich (in d. Shauri-Halle) Ein ker„
528 2561 3904 2868 zengrader Baum m. grünem Stamm, an dem kl.
522 2714 3804 3077 Warzen m. Spitzen steckten, u. Zweigen, die
534 2903 3820 3254 unter 120° zu je 3 von Zeit zu Zeit wagerecht
475 3102 3880 3416 abstanden, war mir ganz neu, ich kenne ähn„
449 3248 3893 3561 liches nur an unsern „Lebensbäumen“ in Töpfen.
467 3440 3381 3730 Mein Vokabular gefüllt u. um d. Sprache der
464 3564 3975 3840 Wamachingo (hier u. auf d. Likonde, angeblich d. Wama-
450 3742 3988 4039 konde verwandt, was ich aus d. Sorache noch nicht
561 3862 3988 4211 ersehe) bereichert. Dann üb. d. Mtshingiri (am Ufer
511 4082 3893 4410 Torfbildungen?) auf d. gegenüber gelegenen Berg,
495 4268 3991 4561 wo ich reichlich Fossilien u. einen schönen Papagei
569 4402 4000 4681 erbeutete, zurück auf d. andern Wand des Kessels,
456 4609 3804 4877 wo wieder anderes Gestein, dann noch einmal
