4324 5214
330 331 665 545 132
610 231 3946 571 15.II: Schickte einen Teil der Leute mit Janensch's
566 406 3964 856 Zelt voraus; sie sollten morgen, während ich folgte,
565 594 3923 982 zurückkehren u. übermorgen den Rest der Lasten
546 776 3824 1145 mitbringen. So war es am sparsamsten erdacht u.
567 979 3634 1355 ich hatte am meisten Zeit u. Gelegenheit zum
567 1155 3939 1502 Sammeln u. Beobachten. Leider verdarb mir
563 1379 3932 1739 der Fuß d. Rechnung. Ich humpelte morgens auf
576 1554 3869 1939 Jagd in eine herrliche weite Ebene, in der gewiß
577 1752 4006 2044 wieder viel Wild, aber wie durch Zauber nichts
612 1938 3991 2327 zu entdecken war außer frischer Giraffenspur von
565 2133 3864 2467 erstaunlicher Größe. Ich mußte mich wieder in's
584 2294 4005 2707 Gras legen u. d. Begleiter suchen lassen, so schön
598 2575 3996 2831 es dort war. Die Schmerzen waren so arg, daß
552 2721 3900 3010 ich d. Marsch am steinigen Bahndamm oder auf
601 2944 4003 3298 ganz verwachsenen Wegen nicht wagen durfte,
592 3057 3827 3483 ohne den Rest der Safari in Frage zu stellen.
608 3258 3769 3624 Da leider morgen kein Zug ging, mußte ich
607 3443 3810 3832 noch heut fort. Zum Glück hatte ich d. Koch auf
621 3631 3758 3997 alle Fälle nach d. Abfahrtszeit fragen lassen u.
611 3808 3904 4213 erfuhr, zurückgekehrt, der Zug gehe heut schon um
593 4078 3838 4343 11. Das war kaum mehr als eine Std., also ohne
570 4242 3999 4562 Ausruhen Lasten gepackt, Träger herbeigerufen u.
547 4397 3986 4789 im Eiltempo zur Bahn hinab. Der schwarze Beamte,
595 4614 4044 4958 ein Mmakua (?) mit greulicher Gesichtsentstellung, die
