4324 5213
209 218 363 357 52
564 225 3870 522 Sprache immer noch wenig beherrscht, u. verurteilte zu
530 406 3762 697 Entlassung u. Prügel (eine Strafe, die mir zu Haus als
539 539 4050 839 verabscheuenswürdiger Sadismus vorkam, hier aber etwas
494 667 3819 989 Selbstverständliches, wenn auch unsrerseits nicht eben
476 828 3924 1153 gern Angewandtes ist). Damit hatte ich meine Befug„
490 1045 3993 1283 nisse überschritten u. Janensch unterließ auch verstän„
466 1155 3786 1472 digerweise nicht, mir das vorzuhalten. Ich fürchte,
447 1322 3834 1575 ich hätte es in ähnlicher Lage nicht fertig gebracht.
439 1452 3943 1797 Da ich mein Unrecht ohne Weiteres einsah, stand ich
459 1687 3970 1975 nicht an um Verzeihung zu bitten. Der Urteilsspruch
465 1819 3869 2121 wäre auch J's Hand nicht anders ausgefallen
464 1973 3654 2295 u. dadurch hatte ich mich verleiten lassen. Nur
498 2133 3892 2441 sollte Dr. Janensch als oberster Richter, wenn auch
470 2301 3912 2587 nicht d. Verhandlung selbst führen, so doch ihr mög„
443 2477 3873 2801 lichst beiwohnen oder wenigstens nicht, wie heut,
450 2663 4017 2934 mitten darin davongehen u. dadurch d. Anschein der
448 2879 3765 3174 Interesselosigkeit hervorrufen, der vielleicht auch bei
415 3004 3963 3275 meinem Verhalten mitsprach. Indessen ich habe ihm von
436 3180 3941 3499 anfang an versprochen, seine Leiterschaft stets anzuer„
416 3317 3977 3675 kennen u. halte das natürlich auch jetzt noch für das
441 3508 3979 3878 Gegebene u. unserer Sache Dienlichste. Freilich werden
497 3708 3925 4017 mir dadurch ein wenig die Hände gebunden u. mei„
433 3849 3838 4179 ne Unternehmungslust gelähmt, auch da wo ich der
426 3975 3807 4303 Expedition mehr leisten zu können glaube. Denn ich
440 4175 3944 4466 bemerkte bald an Janensch eine auffallende Un„
434 4333 3962 4674 fähigkeit in Entschlüssen. Wie oft lege ich ihm nahe die
446 4513 3953 4871 Knochen im Graben abheben zu lassen u. zu signieren,
