4325 5213
3799 152 3968 333 79
467 238 3988 505 16. Oct: Nachm. Poscho-Zahlung nur z. T., da Geldlasten-Träger
398 357 3897 603 ausgeblieben sind. Abd. Mit Janensch auf d. Tendaguru.
400 581 3935 834 Ende des Ramathan-Fastens, da gestern der neue Mond
401 717 1285 1021 nicht sichtbar.
607 889 3874 1201 Sonntag d. 17. Oct. Ich wollte ursprünglich nicht weit
427 1085 3908 1374 gehen, höchstens den Mbawala-Bock aufspüren, ging dann
435 1246 3851 1476 aber, als Janensch sich aufmachte d. Knochen in der
414 1463 4034 1697 tiefsten Saurierschicht an d. barrabarra zu besichtigen, mit
410 1558 3913 1868 Ali gleichfalls in's Mbenkuru-Tal hinab u. zwar üb. die
407 1775 3998 2047 Quelle am N-Fuß d. Tendaguru. Folgte einem in den
417 1995 4085 2213 Plateaurand eingesenkten Bache, um zu sehen, ob die Saurier„
423 2175 3921 2408 schicht hier vorkäme, fand Fossilien u. sah Konglomerate
398 2291 4075 2515 weit in's Tal hinaus als niedrige Wellen laufen. Die
386 2473 3871 2766 unterste Saurierschicht müßte noch darunter liegen;
365 2627 3914 2949 die Gneißgrenze rückt weiter zurück. In d. Bucht am
383 2822 4065 3106 Plateaufuß dichtes grünes Gesträuch, sah Mbawala-Familie,
360 3014 4075 3282 Vater, Mutter u. Kind, machte aber keine Angriffe. Weiter
380 3193 4062 3445 draußen stellenweis noch viel Gras, nirgends Deckung
368 3421 3927 3654 u. keine Spuren. Kehrte in's Gebüsch zurück u. fand Losung
390 3571 4095 3831 u. Spur verdächtig für Bunju (Elen-Antilope), zweifelte dann
388 3746 4047 4005 doch wieder u. folgte, es konnte auch Barappi, Ndogolo oder
383 3916 3958 4193 Ntandala (Ndope?) sein. Bald war ein helles Tier sichtbar,
376 4094 3953 4354 Ali antwortete. Barappi sei es nicht, verschwieg aber, daß
420 4339 3717 4589 es Bunju war. Flucht war nur in's Freie hinaus
406 4476 3827 4724 möglich, ich ging nach u. schoß auf große Entfernung die
390 4624 3950 4935 rechte Schulter entzwei. Jetzt erst sah ich es ganz und erfuhr
