4324 5213
270 228 465 412 30
539 179 2684 495 Nachm. d. gestrige Schachpartie beendet.
454 506 765 682 14 Mai
624 455 856 570 Juni
840 341 3972 686 Morgens zur Arbeitsstelle trotz wenig gut vollbrachter Nacht
421 534 3932 897 u. Anzeichen von Durchfall, der sich denn auch bald in grade„
450 691 3845 1099 zu tropenmäßiger Weise einstellte. Ich mußte zu Bett
444 869 3805 1233 gehen u. hatte nachm. fast 40° Fieber, sowie Kopfschmerzen.
430 1035 3877 1414 Sehr schlechte Nacht. Es fragte sich nun, ob das Ganze eine Erkäl„
440 1196 3864 1531 tung vom Baden, oder Malaria m. Nebenerscheinungen oder
392 1358 3535 1752 Dyssenterie m. Fieberbegleitung sei. Bedeckter Himmel.
720 1518 2932 1739 Dr. Janensch kauft einen kl. niedlichen Affen.
561 1505 3748 1920 15. Juni Etwas besser, kein Fieber, aber ganzen Tag zu
382 1665 3819 2075 Bett gelegen. Zum Glück kam heut nachm. die Post u. d.
386 1845 3929 2273 Zeitungen. Nachts üb. 9 Std. fest geschlafen. Zeitweise bedeckt.
490 2044 4029 2421 16. Juni Mittags zeitweilig aufgestanden, doch noch schwach,
494 2180 4024 2594 17 „ im Liegestuhl. Noch immer Durchfall, wenn auch gering.
2095 2353 3319 2525 „ „ Ungenwißheit.
481 2513 2877 2762 18. „ Spät aufgestanden, doch gutes Befinden.
491 2624 2800 2942 19 „ Noch immer im Lager geblieben,
2484 2493 3894 2679 nur kurzer Rundgang zum Graben
2755 2603 3828 2835 Gemalt. Zu unsrer
435 2750 3822 3112 Überraschung erfuhren wir, daß schon wieder Sonnabend und
421 2927 3995 3282 also Zahltag sei. Früh zu Bett. Dickens zu Ende gelesen (Pickwickier)
527 3090 3909 3407 Sonntag d. 20. Vorm. m. Dr. J. zur Quelle u. jenseits hinauf,
407 3260 3885 3593 wo freier Blick auf Namyura erwartet; jedoch sehr hohes
403 3394 3825 3828 Gras. Eine große Schlange angeschossen u. d. starke Blutspur
421 3583 3796 3889 eine Weile verfolgt, doch vergeblich. Fühlte mich noch
403 3735 3653 4076 ungewöhnlich angestrengt, wohl infolge der jetzigen
422 4025 1401 4230 Unterernährung.
640 4029 3965 4312 Gabriele Reuter „Liselotte v. Reckling“ gelesen. Ungemein
426 4138 3990 4529 schwierige Aufgabe im Ganzen glücklich gelöst. Sehr kompli„
413 4343 4011 4608 zierte Charaktere in seltsamen Zeitströmungen u. ungün„
463 4518 3935 4753 stigen Verhältnissen dargestellt. In d. Form vielleicht ver„
480 4672 1410 4958 besserungsfähig.
