4324 5213
3785 155 3944 315 57
263 229 4072 456 scheinend ganz aus Geröllen vorzufinden. Kein Wild, nach
280 339 4004 602 den spärlichen Spuren zu urteilen ist hier noch we„
320 491 3810 792 niger zu erwarten als oben bei uns, vielleicht
322 637 4044 949 wegen größeren Wassermangels. Morgens neblig u.
277 801 4071 1068 kalt. Gegen 12 zurück, unterwegs hübsche Fossilien beim
294 1081 810 1329 Anstieg.
510 1099 4095 1399 Nachm. wurde eine ganze Herde Barappi's in großer
329 1311 4008 1616 Nähe gemeldet. Wir machten uns alsbald an d. Ver„
330 1528 3907 1865 folgung. Janensch, der sie zuerst traf, kam 2mal
384 1679 3876 1998 zum Schuß, verfehlte aber. Ich sah nur eins u. war
337 1818 4053 2135 von d. Größe dieser Tiere nicht wenig überrascht.
332 2015 4066 2265 Alles fernere Suchen umsonst, wir kehrten auch heut
360 2192 2421 2470 mit leeren Händen zurück.
482 2336 3922 2582 16. Aug. morgens wiederum um 5 aufgebrochen,
386 2504 3830 2788 fand auch bald in d. ehemaligen Schamben eine
371 2655 3925 2990 frische Barappi-Spur, suchte aber die ganze Gegend
371 2795 4063 3094 vergeblich ab u. verfehlte ein Ngorombwe gleichfalls.
508 2977 3779 3293 17. Aug: Eine von Janensch's Boy aufgefundene
364 3186 3837 3486 Knochenstelle in dichtem Pori östlich des Tendaguru
385 3362 4006 3612 in Angriff genommen. Sie ist besonders interessant
382 3535 4022 3850 wegen des groben Konglomerats, in das sie ein„
421 3688 3869 3995 gebettet ist u. das wir nicht ohne weiteres als
428 3870 3969 4158 gleichen Horizont anerkennen können; übrigens
442 4016 3779 4266 marin, wie ein Belemnit zu beweisen scheint.
446 4168 3974 4472 Erhaltungszustand merkwürdig gut, wohl abermals
434 4352 4013 4599 eine neue Form, mindestens die 4te Gattung bis„
442 4586 4068 4802 her. Wir erbeuteten heut ohne Mühe etwa 8 Beinknochen
417 4663 3808 4962 u. verschiedene Wirbel. Auch d. andern Stellen, wo
