4324 5213
3723 229 3853 366 45
408 224 4015 545 Verpflegungsschwierigkeiten, sehe mich daher zu mei„
384 496 4014 754 nem Bedauern gezwungen zu requirieren, bezahle
371 610 4076 870 aber gut, um d. Schau vor Safari's zu überwinden.
500 809 3802 1006 25. Juli Ab ½6, ich m. Gewehr voraus, Puduka u. Ngorombwe
383 944 3924 1250 gesehen, aber nicht zum Schuß gekommen. Frische Löwenspur.
420 1001 3991 1352 Zu meiner Überraschung u. großen Enttäuschung führte die
407 1175 3713 1491 barrabarra v. Kilwa nicht auf d. höchsten Grat des
377 1313 3930 1607 Mbalawala, sondern über den sehr ebenen, ganz zum
367 1449 3932 1743 Schluß sanft zum Abhang hin aufsteigenden Rücken
433 1606 3908 1886 oder Plateau, dem jener Berg noch - deutlich abgesetzt -
414 1704 4028 2012 aufsitzt. Da d. Plateau an d. Rändern rote Sandsteine auf„
419 1826 3932 2126 wies, die ich einstweilen nur für Makonde-Schichten
390 1953 3868 2345 halten kann, wäre ich um so begieriger gewesen, ihr
401 2108 4072 2478 Hangendes kennen zu lernen. Außerdem entgingen
445 2226 3936 2556 mir aber des Pori's wegen alle erhofften Überblicke
426 2371 3983 2683 über die Berge im Norden u. Osten u. d. Land im
393 2501 3913 2866 Westen. Das jenseits des Pindiro liegende Plateau (auf
394 2680 2771 2968 d. Karte m. d. Namen eines Flusses
2692 2623 2959 2761 Ruawa
2720 2613 4112 2849 bezeichnet) zeigte gestern
446 2742 3963 3118 oben steilere Abstiege als unten, sodaß ich oben härteres
415 2868 3945 3293 Gestein annehmen mußte. D. Eingebornen bezeichnen als
446 3018 3876 3435 Mbalawala zwei recht scharf getrennte Höhenstufen, haben
424 3214 4004 3550 dagegen d. Namen Itukuru für ein zwar geologisch Ver„
410 3369 3836 3806 schiedenes, mir aber geographisch m. d. unteren Stufe
450 3512 3929 3943 zusammen gehörig Erscheinendes. Auf d. Plateau fand ich
489 3681 3776 4025 dicht bei einander einige Blöcke von verschiedener
428 3818 3911 4235 (ursprünglich bläulicher?) Farbe, d. vielleicht aus d. höheren
460 4014 4092 4309 Aufsatz des Mbalawala stammten, sonst nur sehr feinen
422 4140 3979 4547 strandartigen weißen bis rötlichen Sand, der d. Gehen ein
413 4265 4006 4630 wenig erschwerte. Beim Abstieg fand ich unter d. roten
433 4470 4089 4759 Sandsteinen, aber durch Terrainstufen u. Täler getrennt
394 4623 3927 4971 also nicht sicher zeitlich einander folgend: Sehr festes, chalce,
