4324 5213
359 222 556 485 60
724 323 4024 600 Zur Vervollständigung nachm. oberhalb der Quelle geklopft.
521 460 4056 749 Leider kann man nie d. ganzen Nachmittag ausnützen,
514 642 3835 933 der Sprechstunde wegen. Nun wäre d. Gegebene, wir
513 800 3974 1039 wechselten uns darin ab, aber darf ich das anregen?
507 964 3841 1233 Und Janensch hat garnicht d. Bedürfnis zu organischer
515 1095 4026 1387 Arbeit. An d. Gräben geht er, wenn ein Knochen zu sehen
497 1323 3986 1645 ist, um ihn zu deuten, etwas das doch erst zu Haus
529 1458 3941 1795 geschehen kann, nicht aber um zu beaufsichtigen und zu
474 1632 3913 1923 Direktiven zu geben. Seine Tätigkeit ist so ganz auf's Theo„
476 1836 3928 2127 retische zugeschnitten. Auch d. Vorbereitungen erscheinen mir
492 1992 3992 2237 mangelhaft. Die Lektüre muß nachbeschafft werden, desgl.
459 2138 3858 2533 Gyps u. Werkzeuge, Auszüge aus d. Litteratur habe ich in
469 2323 3980 2706 d. 8 Tagen mehr gemacht als er, u. was vorbereitet ist,
441 2544 3773 2899 hat Herrmann besorgt. Aber - „schweig stille, mein
467 2727 3835 3085 Herze“. Ich darf nicht dazu kommen ihn zu schelten.
690 2942 4018 3295 26. Aug. Morgens m. Boy, einem Arbeiter und dessen
483 3231 3995 3528 Boy den Weg nach Mtapaia, um Knochenfunde zu besich„
460 3354 3817 3677 tigen. Dicht bei den früheren u. wenig gut. Der Junge
460 3548 3857 3880 führte mich dann eine gute halbe Std. weiter jenseits d.
442 3707 3873 4059 Flusses u. zeigte mir eine weitere Stelle, die vielleicht
449 3916 3681 4169 in Betracht kommt. Den Matarawe-Fluß abwärts,
439 4108 3792 4377 prachtvolle Bilder: Wasser, dichte Vegetation, niedrige
436 4251 3876 4572 Palmwedel, ein Volk Perlhühner, große Steinplatten
430 4434 3727 4744 im Bachbett, das seltsamerweise kaum erkennen
416 4674 3838 4922 ließ, wo oben u. unten war u. das trotz starker
