4324 5213
315 225 481 391 84
460 231 2696 489 von mir) wilde Hunde im Osten gehört.
681 343 3025 629 Blieb den Tag über im Lager. „Jesus“.
695 559 3943 808 1. Nov. Boheti macht sich ohne Auftrag mit Feuereifer an d.
480 672 3747 914 Präparierung der Stelle im Graben IX, wo viele Zähne auf
474 846 3812 1087 Nähe von Schädelteilen deuteten u. deckt 5 im Zusam„
534 960 3896 1219 menhange befindliche Zähne auf. Schädelknochen dagegen
521 1118 2729 1399 ganz unvollständig u. elend erhalten.
694 1273 3787 1502 Abds. zum Maïmbui, da einer d. Leute in diesen
583 1421 3626 1714 Tagen die Barappiherde gesehen hat. Hätte er's nur
539 1607 2261 1869 eher gesagt! Wieder nichts.
734 1780 3733 2057 2. Oct Nov. Brief v. Janensch. Erhalte Nachricht von einer
484 1948 3895 2188 Ndogolo-Herde zw. Mtapaia u. Kindope am Lilahi. Be„
491 2142 3763 2377 schließe augenblicklich hinzugehen. Möchte gern auch diese
533 2227 3848 2518 Art kennen lernen u. möglichst schießen, ferner d. Kno„
511 2411 3815 2699 chenfunde in u. bei Mtapaia auf d. Möglichkeit des Ab„
526 2554 3820 2833 hebens hin  zu besichtigen (in d. Nähe d. Lagers. ist kaum Arbeit
546 2723 3844 3019 genug f. d. Packer, solange Kamba fehlt). Da aber an einem Tage
542 2885 3904 3127 kaum durchzuführen u. ich mich nicht v. d. Arbeit ganz entfernen
563 3056 3856 3295 darf, ziehe ich nachm. m. d. Reservezelt auf eine Nacht nach
559 3186 3938 3445 Mtapaia zum Greis Liwengwa, einem sog. mtu mkubwa, bei dem
543 3295 3884 3574 auch Sattler früher übernachtet hat. Ein mächtiger freier Platz, einge„
577 3482 3847 3703 faßt von schönen hohen Bäumen, mitten darauf gleichfalls
545 3592 3710 3873 ein schöngewachsener Baum u. etwas hochgelegen die
521 3703 3820 3998 Negerhütten. Kein übles Logis. Schöne Sternennacht. Am
540 3860 3797 4199 Abend wollte ich meinen Leuten etwas schießen u.
551 4046 3956 4292 nahe gelegene früher entdeckte Knochen besehen, fand aber
569 4248 3872 4442 weder Knochen noch Wild, u. konnte Perlhühner nicht
575 4380 3944 4566 mehr fassen, als mir d. Vogelgewehr nachgebracht wurde.
820 4588 1184 4813 3 Oct
1040 4518 1245 4658 Nov.
1140 4539 3891 4792 Vor 5 zum Lilahi aufgebrochen. Sehr bald die
540 4754 3821 4982 Spuren der Herde von heut nacht gefunden u. Alles
