4324 5213
3653 126 3840 300 27
466 226 4117 477 31. Mai: Briefe geschrieben. M. Hrn. Besser zu d. Knochenfunden
432 316 2705 628 nördl. d. Tendaguru u. zur Barrabarra.
481 456 3936 792 1. Juni. Erhalten 2 ganz junge Leoparden, die ein Mann
555 714 2093 996 im Pori gefunden hat.
490 863 4044 1142 2. Juni. Vorm. im Lager aquarelliert. Nachm. Schach mit
485 1055 4089 1387 Hrn. Besser, dann Abschiedstrunk für ihn auf d. Tendaguru:
535 1192 3884 1504 „Es saßen 3 Burschen“; schöne Aussicht, Sonnenuntergang,
478 1341 3962 1664 dann Mondschein, dazu Wein, Kaviar u. gute Stimmung,
435 1550 4027 1845 ringsum herbstliche Farben, es war wie ein Klang
453 1682 4123 1956 aus romantischer Zeit am Rhein. Im Mondschein zurück.
453 1875 3989 2084 Abends: Im Dorf Ngoma zur Feier der Pombe-Bereitung.
417 2005 3775 2251 Kleines Schauri. Erste große Grasbrände im Mbenkuru-Tal gesehen.
507 2166 4080 2427 3. Mai. Morgens Abreise Hrn. Besser's. Vorher mußte er
421 2302 4030 2570 noch ein Schauri erledigen, dessen Hauptperson u. Leidtra„
457 2496 3819 2772 gender mein Ali war (Streitigkeiten im nächtlichen
478 2604 3871 2845 Kartenspiel). Mit Dr. Janensch auf d. Nordseite
432 2752 4028 3005 neue Stelle zum Graben ausgesucht. Abends erster Fall
414 2928 3069 3192 von Schlangenbiß, zum Glück ungefährlich.
570 3065 3813 3346 Recht wolkig, sogar gelegentlich einzelne Tropfen bis
436 3273 1136 3530 Sprühregen.
577 3364 4100 3652 4. Juni Auf d. Nordseite zu graben angefangen. Im
416 3557 4018 3805 Chamberlain gelesen. Machte Ali nochmals Vorhaltungen
409 3742 4006 4044 u. freute mich über sein Benehmen: er gab zu gefehlt
439 3879 3915 4166 zu haben, wollte aber deshalb nicht in Bausch u.
428 4024 3856 4306 Bogen verurteilt sein. Das hier sehr übliche Wort
411 4154 4095 4393 Lügner wollte er nicht auf sich sitzen lassen, vielmehr
400 4278 4125 4545 wenn er mein Vertrauen nicht hätte, Abschied haben.
401 4463 3965 4743 Ich sagte, wenn er wolle, könne er gehen, obwohl ich bisher
430 4562 3951 4838 mit ihm zufrieden gewesen sei. Er stutzte, blieb aber. Auf
405 4740 4106 4987 d. Frage, ob er sich nochmal vergehen wolle, antwortete
