4324 5213
365 239 521 386 88
419 206 3906 540 mein Wunsch war, da er wieder allerlei kleine, aber
427 439 3853 649 täglich Ungeschicklichkeiten u. Unterlassungssünden begeht,
426 569 1979 906 für Ende des Monats.
2034 506 3952 704 Abds. d. Oolith im S. d. Lagers besichtigt da„
1979 628 3967 761 runter in Trigonien-Konglomerat meh„
1983 734 3688 900 rere hübsche Schnecken in einem Block.
714 819 3930 991 Bei d. großen Knochen nördl. d. Tendaguru finden
515 973 3958 1201 sich eine ganze Anzahl sehr kleiner Extremitätenteile
478 1072 3677 1293 ein. Also auch hier 2 Skelette? Es ist fast lächerlich.
382 1224 2566 1419 D. Dornranken haben heut bereits abgeblüht.
652 1232 3921 1523 9. Nov. Morgens nach Mtapaia, Besichtigungen, auf
548 1494 1388 1743 d. Wege nach
1074 1460 1389 1583 zum
1344 1468 3689 1735 Liwengwa scheint mir ein neues
580 1675 3468 1869 „Skelett“ ausgegraben werden zu können.
732 1771 3794 2114 Es lagern schon wieder über 150 fertige Lasten,
559 1951 3924 2186 wir haben gestern zum Liwali geschickt u. für jeden
515 2057 3624 2368 Montag 50 Mann bestellt. Ob's reichen wird?
734 2228 3631 2517 Skelett am Wege zum Karani Ligoma in Angriff
553 2471 1258 2680 genommen.
757 2487 3952 2758 Sefu bittet bereits morgen entlassen zu werden, vielleicht
555 2693 3786 2902 ein Versuchsballon. Ich gehe aber mit Freuden darauf ein
576 2774 3810 3064 u. nehme einen sehr niedlichen u. in d. französ. Mission
581 2899 3872 3216 vortrefflich erzogenen Wangoni-Jungen Wilhelm dafür an.
673 3066 3879 3358 10. Nov. Morgens in d Schamben ein Sehr ein Schwein (mbango) ge„
517 3326 911 3578 schossen.
687 3459 2831 3691 10. Nov. Bei d. großen Knochen nördl.
2418 3344 2945 3509 nordwestl.
2786 3427 3879 3641 d. Tendaguru kom„
526 3553 3939 3827 men täglich gute kleinere Funde zum Vorschein; wieder
514 3730 2513 3975 einmal mindestens 2 Skelette.
641 3812 3961 4084 11. Nov. Befund am „Ligomasaurus“ selbst noch mangel„
518 4006 3855 4309 haft, doch in d. Nähe ein Femur in höherem Horizont
502 4126 3916 4476 gefunden u. nach d. Besichtigung heut in tieferer Schicht
512 4308 2416 4609 ein gleichfalls guter Humerus.
664 4455 3720 4761 Janensch's Geburtstag. Wir feierten ihn wieder
466 4641 3953 4879 mit Sekt, Weißwein, Kaviar u. s. w. auf d. Tendaguru-Gipfel.
