4324 5213
343 214 458 476 70
531 179 3830 462 u. verloren. Als ich dann Rebhühnern nachging, pfiff
533 367 3903 654 mich Ali zurück: ein Puduka, mußte wieder d. Gewehr
584 501 3988 811 wechseln u. d. raschelnden Laubes wegen auf reich„
612 724 3867 1017 lich 100 m. schießen. D. Kugel ging zwischen seinen
592 835 3991 1149 Beinen in d. Erde. Beim ferneren Rückweg ging
599 997 3997 1348 ein Barappi hoch, das wir über ½ Std. weit ver„
631 1177 3996 1560 folgten, ohne es indessen noch einmal zu sehen,
595 1368 2547 1730 zu d. Arbeitsplatz v. Mtapaia.
884 1606 3899 1918 24. Sept. Dicht am Lager wird ein prächtiges Sakrum
629 1744 3820 2004 mit beiden Ilea von einer sehr zierlichen Form aufge„
660 1894 3808 2177 deckt. Im nahen Bachbett südl. d. Lagers einen
607 2015 3959 2406 schönen Fossilfundpunkt in Trigonien-Schichten weiter
630 2181 2967 2554 ausgebeutet, darunter ein Seeigel.
885 2346 3749 2655 Ankunft d. Post. Abd. m. Janensch zum „Aus
589 2538 3715 2871 sichtspunkt“ am Wege nach Nanundo; im Tale
578 2755 1107 2996 dunstig.
876 2874 2163 3203 Sonntag d. 25. Sept:
712 3027 3967 3355 Mit Ali vom Lager östlich durch das Pori bis zu dem
505 3216 3977 3494 roten Hügelzug Lipungiro (1 Std.) Ihm sind  hier am nörd„
541 3362 3964 3646 lichen Ende vorgelagert Anhöhen aus Saurierschichten u. darauf
535 3537 4008 3783 liegendem Trigonien-Konglomerat mit Austern. Je breiter
528 3665 3980 3913 diese Vorstufe nach N hin wird, daß stärker wird sie von
529 3803 3859 4085 der Erosion zerschnitten, anfangs nur nach W, dann
533 3943 3889 4200 mehr u. mehr nach N. entwässernd. Überhaupt scheint d.
501 4110 3785 4440 Erosion in d. N-Richtung allmählich die Überhand zu
544 4255 3915 4590 gewinnen, ich sah angezapfte u. trocken gelegte Täler
525 4389 3890 4722 von großer Klarheit. Auf dem Lipungiro selbst sieht
530 4623 3985 4861 man hier nur eine einzige Decke von Geröllen, fast
