4324 5213
258 243 423 418 104
519 242 3761 551 8 Dez. Früh aufgebrochen, rechts aus d. Tal heraus u. etwa
536 387 3826 742 parallel dem Rondo-Plateaurand nach N über all die Flüsse,
589 548 3837 874 die nach W. in d. Mbenkuru laufen (Mikomani, Mandawa,
528 734 4025 1012 Nahangi, Namyura, Nebenfluß des Mandawa) Von meinem Lager„
543 974 4049 1263 platz Chirombwe ging es noch lange durch gleichen Wald wie der
557 1062 3921 1431 gestrige, doch sah ich nichts von Wild, vor allem bedauerte ich
546 1213 3969 1519 nicht Zeit zu haben, um Zebras zu beobachten. Nachher durch
546 1422 3762 1689 besiedeltes Land, wo auch der vielen Wege halber ein
560 1567 3968 1893 Führer von nöten war. Der Nahanga od. Nahangi soll weiter
561 1773 3748 2060 aufwärts fließendes Wasser führen, im Mandawa fand ich
558 1893 3856 2218 anstehenden Gneiß mit Graphit u. Granaten, während ich des
563 2061 3931 2328 roten Bodens wegen noch immer wähnte in d. Makonde-
512 2224 3948 2579 Schichten zu sein. Der „Führer“ fand leider nicht d. Weg, der in
515 2427 3987 2699 die Einsattelung zwischen Namyura u. Namunda führt, son„
502 2555 3871 2918 dere brachte mich zu weit nach W. u. mußte sich schließlich
493 2727 4063 3094 ablösen lassen; Jeder kannte immer nur eine kurze Strecke.
487 2900 4072 3220 In halber Höhe des Namyura schöner Rückblick: Die anscheinend
460 3101 3912 3461 sämtlich zusammenhängenden Plateaus, daran anschließend
455 3285 4056 3606 im S. der Nabrunga, der d. Plateau überragt, vielleicht bereits
468 3402 4011 3696 einer der Inselberge, die sich in weitem Kranz nach W. hin„
508 3623 4048 3912 ziehen: Ilulu, als breiter Rücken erscheinend, Ndinga, aus vielen kleinen
526 3767 3847 4116 Spitzen bestehend, Enje auffallend spitz. Auf d. Höhe ein Stück d.
540 3943 4035 4270 barrabarra gefolgt, dann links hinunter und noch eine ewige
570 4084 3672 4382 Strecke im Tal bis zum alten Lagerplatz in Ubolelo.
749 4226 4054 4574 Hier war großes Volksfest, Tanz u. Pombe. Wie ich erfuhr, wurde
450 4373 3898 4786 (k)oniago“ gefeiert, d. h. Pubertätsfeier für 6 junge Mädchen, die,
507 4605 3783 4885 wie mir erzählt wurde, einen Bauchtanz auf erhöhter Bühne
