4324 5213
320 184 573 373 110
484 171 3760 542 lag denn auch ganz in unsrer Nähe ein schwer
525 385 3794 758 angeschossenes Tier, ich erlegte es bald; leider ein
499 594 3905 840 Weibchen, die bei dieser Art kein Gehörn tragen. Jetzt
516 781 3929 1080 wollte ich nach Haus, stieß aber wiederum alsbald
563 943 3839 1274 auf d. Herde, machte noch einen schwachen Versuch
571 1141 3944 1457 zu verfolgen, mußte aber abstehen. Bei den nächsten
582 1314 3848 1658 Hütten legte ich mich unter's überhängende Dach
532 1540 3980 1769 auf eine kitanda u. blieb hier, da ich den Marsch
596 1653 3946 1978 in d. Sonne fürchtete, über Mittag 3 Std. liegen, die
600 1869 3970 2147 Kopfschmerzen waren nicht zu arg, aber immerhin
539 1980 3925 2305 lähmend. Zum Glück kam ein Regen, der etwas
548 2192 3855 2526 abkühlte u. d. Sonne auf einige Zeit gefangen
534 2330 3853 2751 hielt. Ich benutzte das zur Rückkehr in's Lager,
564 2521 3960 2906 wo Janensch eine halbe Std. vor mir unverrich„
524 2694 3839 3073 teter Sache h. gleichfalls eingetroffen war. Ich
565 2875 3818 3292 hatte wenig Appetit u. mußte liegen; fühlte mich
575 3051 3859 3421 im Übrigen aber durchaus wohl u. fieberfrei.
536 3292 3999 3609 Des schönen Platzes wegen blieben wir auch heut
548 3496 1324 3799 nacht hier.
911 3594 3957 3920 Die eingetroffene Post machte den Abend noch
568 3814 1360 4081 erfreulicher.
814 3891 3109 4237 20 Dez: Früh in's Lager zurück.
842 4083 3998 4377 21 „ Morgens wieder zum Mtapaiasaurus, auf
589 4244 3715 4524 Neben- u. Umwegen durch's Pori. Nichts gesehen.
690 4390 4011 4711 Begonnen in Wilh. Busch zu lesen. Ein rechter Heine,
503 4622 3953 4926 imponierende Sprachbeherrschung, dazu noch glänzender
