4324 5213
3743 193 3923 337 95
386 244 4055 440 Aufstieg in d. Nachmitt.-Sonne sehr gefürchtet, aber ein
393 352 3844 603 kräftiger üb. d. Höhe blasender Wind, machte das
354 527 3851 764 Klettern sehr angenehm. Abends war mir auf der
391 699 3938 1000 Höhe wirklich kalt. Köstliche Fernblicke, von denen
450 835 3697 1119 damals nichts, garnichts zu sehen war. Stark
457 989 4068 1305 zerklüftete Berglandschaft. Ließ am Fuße d. Plateaus
451 1191 4058 1464 nach Knochen suchen, da in d. Tat d. Saurierschichten
478 1287 3876 1603 nur d. unteren Teil der Makonde-Schichten dar„
484 1506 2869 1849 zustellen scheinen. Nichts gefunden.
674 1692 4063 2008 30. Nov. Bei Mondschein aufgebrochen, da jetzt breite
453 1888 4056 2166 Barrabarra. Ich weit voraus. Auf Puduka geschossen, aber
484 2055 3963 2381 ohne Erfolg. Viel Perlhühner, aber die Flinte nicht in
510 2215 4010 2466 der Nähe. Weg bis Nkanga etwa 3 Std., zuweilen etwas
497 2439 3870 2660 eintönig, doch beim ersten Abstieg auf halbem Wege
500 2516 3953 2851 wieder schöne Blicke in die Lutamba-Gegend, durch
512 2696 4046 2987 die ich zurückkehren will. Viertelstündchen Rast, dann
534 2898 4034 3164 Zum Jumben Ali auf Lutende. Da hier schattige Shauri-
556 3011 3866 3302 Halle u. Träger weit zurück, machte ich Mittagsrast.
583 3165 4092 3499 Gegen ½3 in's Tal hinab. Prächtige schattige Laubkronen
558 3362 3905 3651 der Mangobäume, beginnende Palmen, wunder„
546 3514 3953 3818 voller Überblick über Küstenstrich u. oben flüchtiger
573 3769 3806 3969 Blick auf den Ozean. Fand am Fuße Fossilien in
579 3852 4094 4151 einem einzigen Block, den ich nicht transportieren
575 4022 3827 4254 u. nicht zerschlagen konnte, da mein Hammer
603 4201 3763 4492 brach. Prächtiger Lagerplatz in Namembo unter
560 4416 1698 4681 Mango-Kronen.
