4324 5213
3837 198 3961 341 5
399 263 4099 445 31.III. Mombassa auf Insel aus Korallenkalk mit sehr ebener
379 428 3791 659 Oberfläche. Am Strande karstartige Ausfressungen. Am
384 557 4084 836 Kilindani-Ufer grober Sandstein (alte Flußablagerung?),
387 704 3970 1023 zu Cement-Sandstein f. d. Quai abgebaut. Wetter
402 889 2733 1186 gut, kein Regen, Wärme erträglich
434 1004 3950 1306 1.IV.09: Tanga. Korallenkalke. Die Insel im Kriek aus
424 1272 4145 1572 horizontal geschichtetem gelblichem bis rötlichem (?)Sandstein
386 1412 3931 1719 Usambara-Geb. anscheinend schroff aus dem Vorland
476 1662 1234 1852 ansteigend.
383 1796 4035 2063 2.IV.09: Zanzibar: Sehr flache Insel, kaum Erhebungen. Festlandsküste sicht„
418 1980 3895 2267 bar. Dar-es-Salaam: Sehr schmale, flache, sandige Einfahrt,
411 2155 3261 2433 unverhältnismäßig große, gut geschützte Bucht.
383 2409 3944 2652 3.IV. morg. Regenbogen an ganz heiterem, nicht dunstigem
450 2499 1982 2762 Himmel ca. 20-30 Min.
468 2567 3956 2895 Einweihung d. Wissmann-Denkmals bei schönem Wetter.
411 2779 2559 3046 Besuch beim Gouverneur v. Rechenberg.
418 2879 4024 3164 4.IV. Vorm. Abfahrt nach Zanzibar, an gegen 5 Uhr. Spaziergang durch
373 3063 2365 3360 die meist schon dunklen Straßen.
415 3183 3784 3438 5.IV. Fahrt nach Bagamoyo. Keine Bucht, flacher Strand,
394 3295 4077 3664 seichtes Wasser. Dennoch einst wichtigster Karawanen-Endpunkt
467 3516 3688 3758 f. Handel nach Zanzibar. Wird künstlich zugunsten von
375 3600 3848 3873 Dar es Salaam vernachlässigt. Einbaum mit Auslegern
386 3759 2513 4046 längsseits. Schwierige Ausfahrt.
428 3898 3868 4172 6.IV. Vorm. Kilwa-Kirindje, wie Bagamoyo, aber
403 4025 3994 4379 Ankerplatz etwas näher am Lande, gleich hinter dem
389 4255 2086 4505 Ort ansteigendes Hügelland,
1663 4172 2606 4313 rechts oben rötliche Farbe
2036 4161 3855 4397 Von hier ab etwas höhere
379 4285 4042 4607 Küste bis Lindi. An gegen 6h abds. bei prächtigem Abendhim„
394 4404 3883 4745 mel. „Feldmarschall“ ging auf Veranlassung des Ver„
387 4559 3692 4861 treters der D. O. A. G. Herrn Voertmann als erster
