4324 5213
3709 127 3916 303 149
454 176 3862 426 Bezirksamt Auftrag, bei gewissen Jumben 60 Mann zu„
456 312 4110 595 sammen zu bringen u. kann d. Befehl nur erfüllen, in„
484 424 4088 693 dem er nachts die Dörfer durchstreift, und als auch da alle
483 558 4001 840 Leute durch Kinderposten gewarnt in's Pori fliehen,
466 730 4008 1012 die Weiber mitschleppt; am nächsten Morgen darf sich
452 863 4097 1189 dann Jeder seine bessere Hälfte an d. Station abholen
717 1056 4121 1367 — gegen die Verpflichtung sich einschreiben zu lassen!
354 1326 4040 1556 Der gesellschaftliche Ton ist hier eben noch ein wenig rauh
428 1395 4115 1742 u. wir fallen nicht auf, wenn wir mit Gewalt Träger
428 1578 3911 1908 „suchen“. Fahrt nach Mrogoro, ein wenig ungemütlich
480 1744 3826 2121 angesichts der täglichen Entgleisungen u. der Tatsache,
455 1906 4114 2252 daß d. Luftbremse nicht funktioniert. Sicherheitshalbe besah
466 2145 3795 2459 ich mir die Gegend von der Plattform aus, wo sie
499 2283 3984 2580 etwas näher war. Sie fesselte mich allerdings ganz:
484 2441 4065 2763 Der Anblick des steil aufstrebenden Nordabhangs mit dem
481 2603 4037 2934 üppigen Vorlande voller wuchtiger Baobabs war ergrei„
544 2779 4094 3122 fend u. mich überkam wieder einmal „Reisestimmung“.
530 2982 3913 3308 In Mrogoro gewaltiges Leben am Bahnhof, angeblich aber
558 3187 4134 3494 gegen d. Zeit, wo hier Hauptquartier der Baustrecke war,
537 3385 4137 3677 erheblich zurück gegangen. Schöne Lage des Eingebornen„
580 3527 3994 3843 dorfes mit vielen Rundhütten gegen das imposante
543 3671 4028 4010 Gebirge. Wohnung im Hotel. M. Janensch die breite zum
567 3829 3936 4134 Bezirksamt hinauf führende Straße hinauf, mußte
574 4072 4038 4382 aber allzufrüh umkehren, um Poscho zu verteilen. Mein
556 4261 3788 4568 ziemlich verschwiegener Hauptgrund war jedoch der
508 4447 3957 4761 schlimme Fuß. Nach d. Abendbrot beim Bier, lernten
547 4576 4119 4908 Hrn. Schwartz kennen, der leider grade nach Daressalaam
