4324 5213
363 191 562 375 34
430 240 4046 431 „nur davon gehört“. Leider hatten wir grade bereits 19 Mann
430 391 3982 647 neu eingestellt u. 15 weitere abgelehnt. Unsere Arbeit scheint
419 548 2725 750 in d. Tat ungeheuer populär zu sein.
593 654 3903 913 Viele Leute lassen ihr Geld bei uns auf der „Sparkasse“.
451 780 3920 1011 So auch mein schlauer Sefu. Heut bringt er mir 7 Rps u.
450 929 3860 1160 will zugleich 4 leihen. Ich schlage vor, er solle doch von
448 1131 3998 1358 seinem Gelde nehmen. Nein, er wolle sparen u. durch„
456 1215 3877 1465 aus d. Nötige auf Borg. Dagegen kann ich nicht an u.
443 1370 2088 1635 wenn ich ein Gott wäre!
707 1458 3910 1758 Wir bekommen 2 junge Rebhühner in unsere seltsam
477 1698 3834 1944 gemischte Menagerie, wie hier üblich, in einem Käfig,
432 1786 4000 2049 den die Tiere beim Wachsen sprengen müssen. Wir setzen
411 1921 3735 2244 sie zu den Leopärdchen, sie nehmen von einander
437 2033 3956 2334 keine Notiz, obwohl sie Kopf an Kopf sitzen. Nach wenigen
419 2193 3760 2485 Minuten aber ist der eine Vogel gepackt. Die Chui's
461 2367 3914 2707 haben eben erst Zähne bekommen u. noch kein Stück
468 2478 3705 2832 Fleisch zu sehen bekommen. Dennoch kommt die
488 2644 3956 2995 Raubtiernatur derartig ausgebildet zum Vorschein;
457 2800 3908 3152 ich hätte das nie für möglich gehalten. Wir konnten
495 3050 2160 3329 das Tierchen noch retten.
640 3177 3950 3468 Abend. Schach u. Gespräch m. Dr. J. über meine mögli„
478 3339 4051 3613 chen Zukunftsaussichten. Giebt mir d. sehr beachtenswerten
433 3516 3762 3788 Rat andere Türen offen zu halten u. mich hier
449 3634 3037 4020 geographisch u. ethnologisch zu betätigen.
662 3823 3739 4146 1. Juli. Schon wieder ein neuer Monat! Ein
460 4001 3895 4324 weiteres Säugerknöchelchen wird gefunden. Am Nord„
486 4127 3802 4543 platze glaube ich einen größeren Unterkiefer (bruch„
477 4319 3491 4710 stückweise u. unbekannte Form) zu entdecken.
662 4492 3853 4773 Wir haben Briefe an alle Jumben der Umgegend
507 4671 3890 4991 geschickt, um Essen f. d. Monate der Hungerszeit einzu„
