4324 5213
3750 204 4027 339 127
542 291 3962 526 Daressalaam weiter. Lager wegen des Grases nicht
513 445 3920 750 am Flusse, sondern auf freiem Platze beim Jumben.
466 674 4114 918 Sehr heißer Tag. Einer v. Sattler's Leuten trifft als Führer
520 832 3879 1122 zu Fossilfundorten ein. Entschließe mich einen Tag
518 982 3898 1307 hier zu bleiben, um inzwischen Janensch's Zelt ohne
544 1176 3230 1491 Bahn weitertransportieren zu können.
784 1331 3930 1627 Abend: zum Steinbruch am Bahnhof: Gneiß von
481 1570 4053 1815 stark gewalztem Aussehen, mit Augeneinschlüssen von Feld„
476 1671 3952 1996 spath in Quarz. Muskovitglimmer auf Schieferungsflächen,
470 1899 4117 2125 daher im Querbruch kaum erkennbar. Die deutliche Bankung
455 2089 4061 2289 erweckt in einiger Entfernung täuschend den Eindruck
449 2246 4110 2510 eines Sedimentes. Einfallen fast 45° O. (Bahnhof km. 147,8 od.
473 2427 3944 2622 148?) Dann über die Bahnbrücke am Schienenwege entlang.
459 2562 4057 2803 Kann am Ostufer nichts von Kristallin sehen, weites Flußtal
452 2757 3941 3060 mit sehr hohem, dichtem Gras, recht starke Strömung und
444 2952 2592 3246 Wassermenge. Erst bei km. 147,3
2431 2881 3278 3071 Brauner, lockerer
2544 2999 4066 3229 Sandsteine mit Zwischen„
456 3157 4067 3439 lagen von Tonen u. groben konglomeratischen Gerölllagen
453 3339 4083 3649 aus Kristallin (meist reiner Quarz). Einfallen gegen W (ca 20°)
474 3517 4071 3745 also gleichfalls gegen den Fluß (spricht gegen Bornhardt's
475 3729 3834 4031 Vermutung eines Absinkens?). Diskordante Parallelstruktur
471 3910 3866 4194 (scheint mir gegen?? Landablagerung zu sprechen) Nächster
429 4074 3985 4358 Aufschluß km 145 Einfallen O (von jetzt ab gleichbleibend längs
435 4233 4079 4524 der ganzen Strecke bis km 118. Vielleicht Anrücken des alten
442 4491 3978 4703 Massivs u. Aufstauchen des Sedimentrandes nebst Einplatzen
415 4602 3937 4866 des Sattels?) Farbe etwas lichter, grünlich. Bei 143,6 stellen„ !
