4324 5213
416 119 591 285 12
411 174 3982 403 beim Schrotschießen der Zufall d. Visier einstellt, habe ich
430 351 4070 553 wenig Freude daran, es war uns nur um den Braten
412 503 3654 772 zu tun. Wenn man aber evtl. nur verletzt, so
425 616 3919 866 läuft es auf Tierquälerei hinaus. Ich bin nicht Ange„
448 813 2047 1087 stellter für Raubvögel.
696 884 3983 1220 Abends zum Sonnenuntergang auf d. Tendaguru-
393 1063 3715 1403 Spitze (m. Janensch). Ein herrlicher Anblick u. f. uns
432 1195 4084 1576 jetzt auf d. neuen Wege bequem täglich zu erreichen.
455 1436 3978 1720 Ich hatte mich vor allem auf d. Herreise gefreut;
423 1561 3949 1837 daß wir's auch hierselbst so schön haben sollten,
427 1738 2777 2058 ist ein neues Geschenk der Götter.
705 1962 3869 2210 29.IV Ankunft v. 20 Trägern aus Lindi, geführt u. befehligt
508 2082 3859 2306 von einem durchaus selbstbewußten etwa 15 Jahre alten
496 2257 2041 2496 Knaben, Sohn eines Jumben.
673 2354 3907 2682 29.IV.09. Eine seltene Geburtagsfeier! Vor Abend kam ich aber kaum
462 2519 3930 2769 dazu recht nach Haus zu denken und die Gedanken der Meinigen,
477 2653 3956 2982 die mich wohl heut hier gesucht haben mögen, unterwegs ab„
508 2861 3907 3133 zufangen. Vorm. am Graben, Nachm. die Quelle gesucht, aus der
514 2985 3702 3238 unsere Wasserträgerin schöpft, aber nicht gefunden. ca 15
503 3079 3890 3410 Patienten verbunden; die Leute wissen m. d. Geräten noch
499 3230 3689 3533 schlecht umzugehen u. schlagen sich in die bloßen Füße.
570 3369 3983 3658 Dann auf d. Tendaguru, wohin Janensch u. Sattler eine
476 3521 3846 3840 Stunde später nachkamen, um Geburtstag u. Einweihung
482 3655 3776 3930 des neuen Pavillons gebührend zu begießen. Auch dort
495 3793 3806 4132 zu Abend gegessen, um ½9 im Dunkeln zurück. Der weite
544 3950 3624 4255 Blick in d. jungfräuliche Land, in dem wir absolute
512 4105 3973 4395 Monarchen sind, der Sonnenuntergang hinter den Bergen
510 4218 3973 4483 des Horizontes, die klare Luft, die seltsamen Silhouetten
528 4364 3763 4653 der Bambusblätter gegen d. Abendhimmel, d. unge„
526 4457 3982 4779 wohnten Stimmen von Nachtaffen, Schopfperlhühnern u. das
550 4702 3907 4959 Lagerfeuer unserer schwarzen Bedienung, hernach das
