4324 5213
3785 273 4045 428 103
454 200 3805 401 Bäumen als vorher. Durch eine kleine Lücke sah ich ein
455 315 4081 550 Tier. Knall! Der Schuß saß im Baume. Den Teufel nochmal!
443 551 4091 694 Knall! Das Tier sprang ein wenig, aber fiel nicht. Näher
439 651 3985 940 heran! Jetzt gingen sie wieder ab und waren nicht gleich
470 779 3966 1061 zu finden. Ich aber wollte erst Mittagspause machen, der Zelt„
457 896 3863 1239 platz schien mir eine Ewigkeit weit. Nach d. Essen wollte ich
460 1076 3898 1378 Leute auf d. Suche schicken, aber d. Himmel war bedeckt, ich
471 1218 4025 1561 ging selbst mit einigem Gefolge. Erst d. Spuren verfolgt; sie führ„
488 1408 3910 1729 ten hinunter an d. See, aber am hellen Mittag war hier im
467 1578 4014 1915 Tal u. an d. Verkehrsstraße nichts zu erwarten (Später erfuhr
463 1748 4067 2054 ich, daß d. Herde in d. Tat das Tal gekreuzt hatte!) Wir suchten
500 1927 3855 2181 lange u. sahen endlich an weit entlegner Stelle 2 Tiere
491 2129 3952 2377 aufspringen; eins hinkte stark u. bekam noch einen Schuß.
508 2331 3979 2613 Jetzt glaubte ich es zu haben, sprang heran u. sah es eiligst
501 2461 4028 2768 verschwinden. Wieder große Streife, endlich sah es Ali schwer
492 2626 3882 2979 angeschossen, ich konnte es mit einigen Schüssen erlegen.
464 2805 4042 3184 Ein prächtiges Tier in seinem silbergrauen Fell! Inzwischen
504 3050 3911 3358 waren Hartebeester gesichtet worden, vielleicht war da
493 3245 3967 3547 mehr Ruhm zu ernten. Ich glaube noch einem von diesen
550 3390 4080 3714 Tieren d. Fuß zerschossen zu haben, was mir d. Erinnerung
516 3611 3877 3876 an mein Wüsten noch peinlicher machte, scheuchte d.
513 3724 3933 3999 Tiere noch mehrmals auf u. mußte dann umkehren,
488 3951 2294 4206 weil die Sonne unterging.
737 4080 3989 4391 In d. Talhängen ragte aus d. roten Sanden, die ich jetzt
511 4217 4027 4555 seit Tagen durchwanderte, eine feste Bank hervor, die scharf
494 4412 3984 4657 in eine obere gelbe u. untere rote Hälfte gegliedert war
465 4639 3892 4837 (auch große 2-farbige Blöcke waren herausgebrochen) u. schwache
515 4697 2684 5000 Neigung nach S od. SO zu haben schien.
