4324 5213
3915 193 4068 310 7
410 236 4115 495 zubereiten (Grasdächer u. Bambushütten f. d. Leute u. Lasten)
547 367 3861 647 10.IV. Morgens allein an d. Bucht bis zum Steilufer:
357 545 4038 813 Korallenkalk im Aussehen ziemlich frisch, unterlagert von
368 695 4006 970 groben Geröllen (gut gerollt). Mollusken gesammelt (rezente)
482 899 4130 1108 Strandläufer u. zahllose Krabbenscharen die schon aus einiger
323 978 4075 1204 Ferne sichteten u. sehr schnell in ihre Löcher verschwanden, im
338 1146 4123 1319 Wasser d. Stielaugen wie ein Unterseeboot heraussteckten.
357 1259 4001 1549 Sie hinterließen interessante Kriechspuren. Wellenfurchen
370 1434 3858 1679 nicht unter Wasser gebildet, sondern ein Gebilde des
355 1573 4136 1794 abebbenden Wassers, gleichsam winzige Strandlinien (stets?)
349 1753 3717 1990 Mangroven im Seewasser ungewohnter Anblick.
553 1927 3884 2159 11.IV. Ostersonntag. Daß ich ihn hier verleben würde,
382 2074 3696 2373 hätte ich mir vor 2 Monaten nicht träumen lassen.
479 2207 4097 2480 Abends Abmarsch aus Lindi, Lager vor d. Stadt bezogen.
368 2369 4019 2685 Gäste aus d. Ort zum Lagerfest (Bier u. Whisky-Soda). Tänze der
359 2518 4080 2775 Muëra m. improvisiertem Prosatext, Sprecher wechseln ab; Kriegs„
400 2697 3744 3000 gesang: Maji, maji (gereichtes Wasser). Dann Tänze d.
395 2863 4056 3164 Wangoni (sehr abwechslungsreich u. interessant) u. Mikindani-
373 3004 4090 3300 Leute (meistenteils sehr lärmend, viele Kinder) Dazu Mondschein
399 3181 4082 3414 u. fernes Gewitter. Lagerfeuer. Ein ungemein malerisches
399 3410 737 3596 Bild.
461 3447 4018 3766 12.IV. Ab 8h morgens nach Yangwani, zweites Lager, an
369 3611 3948 3919 12h. Viel u. starker Regen, aufgeweichter Boden, daher Marsch
367 3768 4063 4062 beschwerlich. Anfangs Korallenkalk, auf d. Kitulo Nummu„
350 3962 4151 4204 litengestein, aber wohl auch anderes (splitteriger, fester, weißer
316 4075 4146 4394 Kalk, Sandsteine.) Am Nordabhang einen Seeigelstachel gefunden.
438 4246 3837 4535 13.VI. 7-12 Marsch zum Nkanga-Bach durch Ebene mit
407 4444 2176 4722 viel Pflanzungen, aber auch
1990 4411 2271 4492 durch
2125 4361 3922 4643 Dickicht u. Wasserläufe. Aufstieg
433 4572 3967 4851 zum Jumben, hinab über  rote Sandsteine zum Nkanga,
417 4655 4122 5018 hier gute Aufschlüsse, aber nichts Interessantes. Note Sandsteine scheinen
