4325 5213
3781 217 3966 419 19
519 216 3819 538 Steiler Abstieg, anfangs vorbei an malerisch auf
511 431 3920 757 Vorsprüngen gelegenen Hütten, durch Felder, sehr hohes
501 556 3991 937 u. dichtes Gras u. Busch. Lager am Ubolelo am Fuße v.
535 822 2296 1108 Namunda u. Namyura.
729 957 3904 1332 Nachm. Zum Brunnen gegangen, der auch d. Leute auf d.
481 1220 3931 1536 Plateau versorgen muß, ein nicht versiegendes aber nicht
473 1434 3863 1708 fließendes Wasserloch unweit des Ubolelo, der selbst kein
475 1572 3925 1768 Wasser mehr führt, aber im Bett einige Austrittsstellen zeigt,
481 1715 3961 1930 in zwei Nebenbächen, die gleichfalls trocken liegen. Ich fand im
504 1918 4042 2077 Bett anstehend dasselbe grobe Konglomerat wie am Maimbui
487 2003 3924 2247 darüber einen harten, hellen Kalk od. Sandstein, darunter(?),
521 2105 4101 2449 wenigstens in einzelnen Blöcken wieder den harten dunkel„
531 2330 3902 2619 roten „Porphyr“) d. Konglomerat (Trigonien-Sch.?, ohne Fossil„
479 2586 4112 2817 spuren) anscheinend Wasserhorizont oder doch Grundwasser haltend.
717 2695 3971 2962 Beim Abstieg vom Namyura fiel mir wieder d. steilböschige,
462 2830 3976 3061 konkretionäre Gestein auf, das an sich gelb u. fleckig ist, aber
465 2940 3615 3302 anscheinend die roten Abstürze (der Makonde-Sch.) liefert.
583 3145 3966 3407 Darunter einander folgend feine weißgelbliche Sandsteine,
2248 3295 3900 3547 Konglomerat d. Trigonien-Sch.
2249 3436 4000 3702 Feste rötliche „Sandsteine“ (laut. Auf„
654 3614 2806 3892 zeichnung, vielleicht jenen „Porphyr?)
794 3824 3822 4078 Boheti, der durchaus allein gehen wollte, brachte
594 3999 3967 4234 mir Knochenstücke von der von ihm entdeckten Fund„
573 4203 2631 4489 stelle, ein wichtiger Fingerzeig.
775 4322 3934 4578 Die Zeitbegriffe d. Schwarzen sind, wie ich schon öfters
569 4547 3856 4812 merkte, äußerst unzuverlässig. Von Verschiedenen
