4324 5213
310 223 479 467 78
526 243 3938 548 11. Oct: Mit Ali wieder nach Mtapaia (3 Std. je hin u. zurück,
456 466 3928 709 ½ Std. Aufenthalt), um die inzwischen in Angriff genomme„
500 597 3984 868 ne Stelle u. neu gemeldete Funde zu besichtigen. Unter„
478 785 3891 1015 wegs 8 Ngorombwe nach einander gesehen, eins ange„
420 932 3634 1281 schossen, nicht getroffen, da ich d. Büchse nicht gleich zur
478 1092 3932 1431 hand hatte u. dann d. Riemen sich vor d. Visier schob.
516 1247 3936 1512 Auch Kanga's ohne Erfolg verfolgt. Abermals neuen Fund
515 1418 3915 1758 gemacht, die andern nicht bedeutend, einen angeb„
495 1636 3717 1855 lich großen konnte ich aus Zeitmangel nicht mehr
492 1746 2383 2097 besichtigen. Zuweilen recht heiß
778 1888 3870 2200 Uns wird ein junges Mbawala gebracht, höchstens
516 2097 3955 2318 einen Monat alt, das einer unsrer Leute mit der
474 2307 1743 2556 Hand gefangen hat.
532 2399 3853 2676 Die Knochenstelle im Kitukituki-Bach in Angriff ge„
473 2564 3155 2844 nommen (zweite Stufe der Saurierschichten)
709 2758 3849 2994 12. Oct. Bei Skelett P weitere Zehenfunde. Skizzen u.
458 2918 3952 3166 Karten u. Profile gezeichnet. Ehnolog. Aufs. wieder aufgenommen.
791 3058 3901 3281 Abd. auf d. Tendaguru, Blick nach N. prächtig klar u. farbig.
677 3232 3890 3465 13. Oct. Wollte ein Schwein schießen (abds), durchsuchte aber
515 3365 3850 3636 die Schamben u. Pori vergebens nach Wild. Verlor die
510 3509 3814 3845 Orientierung, befand mich aber schließlich erstaunt un„
514 3692 4012 3916 mittelbar vor dem Lager. Ethnolog. Aufsatz wieder aufgenom̄.
655 3816 3939 4077 14. Oct. Wieder durch d. Schamben gestreift (morgens, ohne
469 4011 3466 4316 Wild zu Gesicht zu bekommen. Ethnol. Arbeit.
664 4178 3845 4452 16 Oct. Morgens in d. Schamben. Heut  wieder viel Wild,
481 4374 3982 4592 besonders Schweine; ferner einen prächtigen alten Mbawala-Bock
469 4480 3823 4787 verfolgt, heut sehr schlecht geschossen. Endlich ein Warzenschwein
472 4707 868 4865 erlegt.
354 4710 4025 4972 15. Oct. Vorm. Arbeitspl. bei Mtapaia besichtigt. Im Bache gute Funde zumal auch an Ammoniten gemacht.
401 4893 3825 5034 Auf d. Rückwege klang es bei großer Hitze in mir von Trommelschlag, Pfeifen, Trompeten u. Hörnern.
