4324 5213
3716 205 3899 315 87
610 224 3922 400 8 Nov. Wollte heut nach Mtapaia, aber eine Beratung mit
541 404 4016 637 Janensch hielt mich zu lange fest. Ich unterdrücke ein Gefühl
553 509 4062 722 des Unbehagens, daß ich schon wieder gehemmt werde. Bin
533 612 3829 917 ich reizbar geworden? Einen Einfluß auf d. Nerven
559 759 3987 1088 will ich den Tropen nie, nie gestatten! Aber Janensch
561 896 4074 1232 ließ auch vor einiger Zeit bereits die Vermutung ver„
565 1103 3999 1322 lauten, daß wir mit dem diesjährigen Knochentransport
513 1268 4035 1540 „nicht mehr fertig werden“ würden. Dies Wort wünsche
517 1364 4094 1657 ich nicht in mein Vokabular zu übernehmen. Noch mehr
532 1525 4090 1878 überraschte mich aber heut die Äußerung, daß wir im
563 1793 4125 2069 nächsten Jahre einen dritten Europäer brauchen würden.
533 1905 4171 2224 Mit dem jetzt geschulten Menschenmaterial u. unsern vielen
507 2103 4051 2320 trefflichen Aufsehern hätte ich nach d. Erfahrungen dieser
543 2263 4149 2532 letzten 18 Tage geglaubt, im Notfalle allein „fertig zu werden“,
536 2396 3952 2690 und meine Privatpläne nebenher besser fördern zu
552 2625 3982 2858 können. Aber kann ich widersprechen, nachdem er mir
548 2705 3999 3066 oft gesagt hat, ich sei ein kritischer Widerspruchsgeist? Und
564 2940 4161 3134 müßte ich ihm nicht sagen, daß d. 3te Weiße durch gelegent„
341 3068 4101 3354 liches Auslassen der Vormittags-Zeitungslektüre u., wenn möglich,
474 3210 4103 3492 des Vor- u. Nachmittagsschlafes zu ersetzen wäre? Er ist der
479 3391 4039 3657 Leiter und hat zu bestimmen; er wird übrigens dabei
513 3548 4054 3843 auch von dem Gedanken geleitet, daß die geolog. Aufnah„
510 3733 4125 3987 me mehr gefördert werden müsse. Wenn ich die etwa
485 3915 4039 4192 erhalten könnte, so wären meine persönlichen Wünsche
506 4112 3922 4402 sehr gefördert, ich könnte dann sogar vielleicht viel
530 4241 3902 4575 allein sein. Aber für d. Expedition erscheint mir die
513 4434 3986 4684 Ausgabe, die ein Dritter verursachen würde, überflüssig.
887 4625 3800 4862 Meinem Boy Sefu kündige ich, was schon lange
