4324 5213
273 258 464 435 102
443 253 3947 451 auf einen Haufen stehen, ist beschämend, daß sie aber
435 391 4054 665 nicht die geringste Notiz von mir nehmen, ist die reine
445 527 4017 777 Niedertracht. Neu geladen, näher heran: Knall! Knall!
462 683 3991 925 Knall! Sie sind wieder ein Stück vorgetrabt, bleiben
469 892 3980 1115 aber stehen. Die Patronen sind zu Ende. Der Führer wird
468 994 3839 1271 mit ausführlichen Weisungen zurückgeschickt, die Tiere
554 1170 3793 1382 kümmern sich um nichts. Als aber mein Ali garzu
497 1326 4082 1633 sorglos mit seiner grellroten Mütze herumspaziert, traben
473 1438 4013 1748 sie endlich doch ab. Einige scheinen zu hinken (das Sehen
496 1628 3915 1911 ist erstaunlich erschwert), aber sie traben auch. Jetzt geh ich
517 1785 3933 2110 heran u. meine, es müssen 1 od. 2 Stück gefallen sein,
509 1929 4023 2227 aber nichts, nicht ein Bluttropfen. Mir war dies Hinein„
530 2106 4016 2432 knallen schon ekelhaft, da ich bei d. geringsten Bewe„
523 2254 3968 2590 gung nicht mehr erkennen konnte, auf welches Tier ich
528 2388 3928 2761 gezielt hatte u. welches demnach wenigstens ange„
518 2581 4023 2923 schossen sein konnte, nein mußte! 8 Kugeln u. kein
562 2767 3910 3072 Treffer?, dazu fühle ich mich denn doch zu sicher. Es
495 2910 3843 3192 dauerte endlos, bis Nachfuhr kam. Nun konnten wir
502 3054 3926 3387 des Windes wegen den Spuren nicht direkt folgen u.
526 3236 4044 3587 verfehlten die Herde. Nach weitem Umherirren sah mein
571 3390 3932 3702 Führer mit seinem unfehlbaren Blick auf d. Rückwege
539 3574 3898 3850 d. Herde wieder im Schatten eines Baumes unweit
591 3739 3838 4056 der ersten Stelle. Kaum vermochte ich mit Mühe zu
574 3960 3976 4131 erkennen, daß sie in Parade nebeneinander standen
547 4092 3953 4377 und — mir die Hinterfront zukehrten. Also möglichst
547 4229 3989 4569 schlechtes Schußfeld, aber jetzt mußten sie scheu sein u.
587 4395 3993 4691 Ali, der noch abseits suchte, konnte sie jeden Augen„
582 4556 4046 4795 blick verscheuchen. Also Knall! Sie sprangen aus d. Schatten,
587 4718 3761 4994 aber standen womöglich noch schlechter hinter Busch u.
