4324 5213
3713 206 3864 321 9
411 229 4102 462 17.IV. Vorm. Rundgang zu d. bisher bekannten Fundstellen.
396 397 3976 603 Ein wahrer Kirchhof von Sauriern. Reste v. mindestens 10
412 550 3963 776 Exemplaren gesehen, meist Beinknochen, wenige Wirbel,
433 676 4119 938 ein neuer großer Knochen in ½ Std. freigelegt. Dr. Janensch
351 835 4090 1135 fand auch ? Schädelreste. Aussichten gut, Arbeit für lange Zeit.
468 1004 3895 1277 Nachm. Besuch eines nahewohnenden Jumben bei Herrn Sattler.
391 1129 2517 1359 Sattler zieht abends fort, um zu jagen.
594 1180 3977 1492 Sonntag d. 18.IV. Vorm. Janensch u. ich mit 2 Schwarzen in
395 1382 4032 1666 d. Busch östl. vom Lager, auch hier Knochenreste festgestellt.
400 1544 4060 1798 Dann auf d. Gipfel d. Tendaguru. In d. Kugelsandsteinen, wie
417 1691 3812 1909 in d. darunter lagernden mergligen gelben Sanden
400 1720 3941 2040 viel Fossilreste gefunden, wichtig für Altersbestimmung
424 1933 4137 2153 u. interessant, weil beweisend für Meeresüberdeckung
423 2025 3833 2286 nach Aussterben der Saurier. Sattler kommt erst
408 2200 2960 2469 nachmittag zurück. Briefe geschrieben.
614 2255 4012 2636 19.IV. Vorm. Janensch nach S. ich nach N. zu zwei
393 2445 3941 2766 neuen Fundpunkten, von denen Schwarze berichtet
375 2608 4090 2945 haben. Sie bestätigen sich. Der meinige vom Tendaguru
389 2775 3989 3045 durch Senke (anscheinend Grabenbruch oder doch mehrere
454 2923 4105 3187 Verwerfungen) getrennt. Arbeiter mit Bauen eines
404 3083 2592 3363 Pavillons zum Essen beschäftigt.
650 3250 4037 3495 Nachm. m. Herrn Sattler u. 3. Schwarzen zum Muhibui-Flusse
402 3366 3883 3642 im S. d. Tendaguru, Fundstelle der Trigonien-Schicht. Von heftigem
384 3515 4117 3802 Tropenregen überrascht, dennoch bis an's Ziel. Dort aber wegen
349 3641 3998 3924 hohen Wasserstandes die Trigonien-Bänke nicht sichtbar. Vorher
381 3779 3798 4125 zwei andere Wasserläufe, einer mit unvermutet sich
416 3925 4132 4210 öffnender tiefer Schlucht; Abstürze des Wassers in einzelnen
423 4112 2432 4393 Stufen, viel anstehendes Gestein.
602 4136 4109 4492 20.IV. Vorm. Beginn der Grabarbeiten, südl. d. Lagers.
300 4378 4026 4646 Schürfgraben von einer Fraas'schen  Fundstelle quer
342 4570 4096 4823 über d. Hügel. Gleich anfangs ein gut erhaltener Schenkel„
315 4667 4097 4944 knochen u. mehrere zusammenhängende Wirbel. Arbeits„
