4324 5213
3711 135 3956 344 115
498 224 3954 509 29 Dez. Viel laufe ich noch nicht wieder herum, ist
455 348 3937 602 auch zur Zeit nicht unbedingt nötig. „Peter Moor“ aus„
480 515 3932 830 gelesen. Hier zeigt sich der Meister in der Beschrän„
479 690 3811 922 kung auf den Stoff, den er bewältigen kann. Eine
526 840 4056 1178 auffallend kurze, in wuchtigen kleinen, aber nicht zu
523 1007 4084 1328 engen Sätzen hinschreitende Beschreibung vom ersten
543 1277 3977 1481 Teile des Aufstandes. Gutes Eindringen in die unbe„
527 1435 4070 1666 kannte Welt, starke Intuition, fast an Schillers „Tell“
564 1528 4130 1847 gemahnend. Schlicht aber ergreifend. Frenssen hat dabei
519 1703 4023 2025 sicher noch so manchen Gedanken für sich gefunden,
548 1965 3964 2200 aber er sieht nicht rechts u. links u. geht „durch!“
700 2113 4071 2405 30 Dez. Bedarf jetzt wieder d. Schonung für einen
546 2275 3979 2543 mehrfach wundgelaufenen Fuß. Briefe geschrieben.
782 2466 4115 2785 Morgens um 3 aufgeweckt wegen Einbruchs bei unserm
551 2687 4068 2956 treuen Magazinverwalter u. Diebstahls einer Kiste mit
558 2838 4110 3125 uns gehörigem Gelde. Ließ d. ganze Mannschaft herausholen,
549 3057 3988 3292 stand schließlich auch selbst auf, damit nichts verdorben
508 3213 4003 3460 würde. Ließ einen stark Verdächtigen ohne ihn überführt
560 3332 3955 3633 zu haben, fesseln u. war im Stillen froh, daß Janensch
537 3534 3878 3803 nicht aufgewacht war, der sicher Bedenken gehabt
533 3759 3975 3985 u. lange Untersuchungen angestellt hätte. Ging zu Bett
539 3882 3938 4145 u. erfuhr bald, der Betr. habe ein Geständnis abgelegt.
704 4094 4012 4323 31. Dez. Wieder in Stiefeln zu den Gräben gegangen.
520 4298 3724 4492 Das Wetter ist noch so günstig, daß wir alles heil
501 4452 3873 4716 heraus bekommen. Doch will Janensch nicht mehr
518 4670 4000 4925 verpacken u. nach Lindi schaffen, wie ich gern glaube,
