4324 5213
305 218 501 457 62
506 255 3412 555 in Graben II ein sehr eigenartiger langer Halswirbel.
568 433 3745 748 Mittags mit meinem Zelt nach Janensch's Beispiel unter
526 645 3849 824 ein geräumiges Dach gezogen. Mich lockte dabei vor allem
526 791 3800 1023 ein eigenes Arbeitszimmer, wo ich eigenen Plänen nach„
535 950 1211 1206 gehen kann.
767 1057 3931 1362 28. Aug. Einige Knochen abgezeichnet. Photogr. kopiert, Briefe
540 1305 3605 1506 fertig gestellt. Lese Weber's „Demokrit“ ohne groß Behagen.
742 1497 3808 1714 Sonntag 29. Aug. Um ½4 aufgestanden, von 5-11½ Barappi's
496 1610 3983 1913 u. anderes Wild vergeblich jenseits des Maimbui gesucht. Glaube
499 1789 3862 2064 in den Deckschichten (gelbe Mergel auf d. Saurierschichten) Fossilien
499 1935 3906 2217 zu finden, die auch die Nordspitze des Tendaguru mit einbeziehen
499 2161 1011 2351 würden.
735 2221 3859 2514 Nachm. Ein wenig zum „Leben“ niedergeschrieben, obwohl mir
488 2468 3971 2689 „Jesus“ dringender erscheint u. jenes doch ersterben dürfte. Diese
508 2619 3745 2847 Tage recht heiß, mittags 32° im Schatten. Wenn der Seewind
488 2720 3759 3049 nicht wäre, könnten wir's schwer ertragen. Mir fällt ein,
489 2905 3822 3216 daß ich seit etwa 2 Monaten keine Schwalben mehr gesehen
499 3011 3783 3392 habe. Nach dem Abendbrot habe ich zuweilen das Bedürfnis
513 3157 3783 3454 nach schriftlicher Arbeit. Vielleicht läßt sich ethnologisch etwas
511 3463 965 3673 machen.
633 3776 3996 4105 31. Aug. morgens d. Weg zum Kerani Ligoma abgeklopft. Finde
434 3993 3966 4292 überall die Saurierschichten in 3 Stufen (Staffeln?) ausgebreitet u.
450 4120 3950 4393 an d. Rändern Konglomerate u. sehr feste Sandsteine m. glatter
420 4290 3966 4619 Oberfläche (anderweitig fossilführend), über deren Stellung zu d.
418 4438 3893 4709 Saurierschichten ich keine Klarheit gewinnen kann. Heut sah ich
398 4630 4000 4919 sie an einer Stelle darüber liegen, doch können sie auch ledig„
426 4731 4004 5007 lich fazielle Abweichungen sein. Ein armseliges künstliches Wasser„
