4324 5213
3842 180 3978 322 31
369 224 4097 430 21. Mai Juni: Vorm. Am Graben. Endlich meine längst ersehnten
451 344 3185 581 Zeltstiefel erhalten. Neue Träger nach Lindi.
395 483 4069 810 22. Juni: Unser schwarzer Präparator Salim hat selbstständig
362 642 4121 942 auf d. Nordostseite d. Tendaguru eine äußerst glückliche Fundstelle
386 814 3713 1120 aufgedeckt u. legt sie prächtig frei. Anscheinend
446 957 4035 1270 Scapula u. Vorderarm nebst zahlreichen Rippen. Hoffentlich
445 1136 2380 1442 das langgesuchte vollständige Skelett.
414 1275 3788 1566 23. Juni: Gegen Mittag erscheint Hr. Kaiser, Pflanzer im
383 1429 3739 1696 Lukuledi-Tal u. Vertreter d. Lindi-Schürfges., der in
380 1570 3874 1851 Namwiranye den Granaten-Abbauplatz besichtigt hat, auf
382 1789 3924 2011 einem Umwege nach Lindi hier zu Besuch. Sehr ange„
359 1851 3907 2141 nehmer Gast. Zeigten ihm unsere Gräben u. d. Sonnen„
355 2029 2122 2317 untergang vom Tendaguru.
463 2069 3800 2414 24. Juni: Briefsachen erledigt. Reisebericht f. d. „Naturw.
385 2313 3825 2632 Wochenschr.“ fertig gestellt. Nachm. Abschiedstrunk f. Hrn.
365 2471 3837 2768 Kaiser auf d. Tendaguru (Sekt, Kaviar). Sonnenuntergang
393 2608 3154 2935 leider durch Wolken fast ganz verhüllt.
464 2720 3689 3048 25. Juni: Hr. Kaiser marschiert früh 5½ Uhr ab.
413 2882 3921 3216 Salim's Fundstelle bewährt sich weiter: d. 2te Scapula
411 3046 3787 3359 u. beginnender 2. Humerus. Träger v. Lindi (Geld)
523 3249 3903 3509 Stuhlgang beginnt wieder normale Manieren anzu„
413 3360 3792 3702 nehmen. Höchste Zeit, d. Diät ist mir sehr lästig u. ich
422 3495 3365 3877 glaube mich etwas unterernährt zu fühlen.
542 3557 3640 3858 Verworn: „Mechanik des Geisteslebens“ gelesen. Guter Wille, nichts Neues.
435 3603 3840 4006 26. Juni: Morgens Nachricht, daß ein Leopard in die mit
424 3784 3848 4187 Ziege besetzte Falle unten an d. barra-barra gegangen
407 3986 3626 4324 ist. Janensch u. ich erlegten ihn mit vielen Schüssen, die
387 4034 3860 4404 leider d. Fell stark verletzten. Ungewöhnlich großes, starkes
388 4287 3741 4586 Tier. Es dauerte auch nach d. tötlichen Schüssen lange, bis d.
387 4441 4073 4752 zähe Leben gewichen war. D. schwere Falle hatte d. Tier mitsamt
353 4679 3840 4938 dem Dorngestrüpp, in dem sie verankert war, über die
