4324 5214
348 212 643 400 122
592 192 3818 485 25.I. Koffer gepackt, richtiger gesagt: packen lassen.
1112 360 2684 540 Nachm. Ankunft des Dampfers.
720 417 3890 684 26.I: Vorm: Lasten u. Koffer an Bord gebracht, da wir
558 576 4016 876 schon heut einsteigen müssen u. auch gern einsteigen, um
598 745 3893 1069 so Mikindani kennen zu lernen. Gleich nach Tisch
606 843 3889 1176 an Bord, um 2 Uhr Abfahrt. An Mikindani vor 6 Uhr in
580 1081 4024 1326 kürzester Zeit. Wiederum schöne Bucht hinter gehobenem
565 1190 3967 1515 Korallenriff, an einer der die Einfahrt flankierenden
546 1384 3724 1677 Landspitzen ein sehr malerisch gelegenes Dorf mit
558 1507 3791 1875 prächtigem Affenbrotbaum. Der Hafenort macht von
579 1646 3834 1948 weitem den Eindruck einer größeren Stadt der
548 1793 3892 2104 vielen eng beisammen liegenden weißen Stein„
584 1942 4042 2346 häuser wegen, die jedoch meist von Indern bewohnt
555 2104 3908 2537 sind. Negerviertel scharf abgetrennt. Nur 2 Weiße
511 2386 3831 2682 ansässig. Die Boma mit hohem Turm burgartig
561 2545 3899 2816 auf einer Anhöhe gelegen. Überhaupt in großem
525 2737 3894 3050 Stile angelegt (Bezirksamt später nach Lindi ver„
526 2892 4024 3182 legt). Kornspeicher, Ställe u. dgl. in schönen Bauten, auch
531 3097 4001 3400 das Zollamt ein geschmackvolles Haus im Gegensatz
619 3329 4030 3570 zu Lindi. Gleich an Land gefahren, durch d. Ort zur
559 3431 4000 3722 Boma gegangen. Leider wurde es dunkel, so daß
564 3599 3971 3922 wir nicht mehr auf den Berg hinter der Boma
547 3751 4013 4106 steigen konnten, der schöne Aussicht verspricht, auch
547 3980 3823 4243 d. Mikindani-Schichten nicht besichtigen konnten.
536 4086 3162 4457 Lindi gefällt mir bei weitem besser.
695 4348 3880 4580 27.I: morgens mit Tagesgrauen aus d. Bucht,
507 4453 3843 4752 vor Lindi auf der Außenrhede d. Post überge„
518 4655 3877 4966 nommen, ohne Aufenthalt weiter. See ganz still
