4324 5213
322 189 558 363 160
435 229 2100 507 31-2. Apr. Regen 2. Derema
526 373 3785 692 4 April. Morgens Aufbruch mit Trägern des Instituts. Herrliche
425 543 3829 779 Wanderung in Gebirg u. Wald. Über der Ebene etwa gleichhoch
438 713 3895 943 mit uns eine dichte starke Wolkendecke, jedoch nur scheinbar,
430 840 3948 1152 die Schatten auf d. Ebene zeigten, daß es nur einzelne
411 1063 3938 1242 Wolkenteile waren. Mit Bahn nach Mombo, wo bei Hrn. u.
447 1180 3919 1435 Frau Thomas (letztere Bekanntschaft aus Amani) einlogiert. Etwas
451 1347 3723 1601 hoch gelegenes Haus mit weitem Blick. Schamba eigentlich
434 1446 4027 1793 Versuchsfeld von Amani. Viel einheimische Obstarten, denen
499 1607 3854 1929 ich aber europäische weit vorziehe. Versuche mit Holzsorten,
522 1791 2436 2113 offenbar tätiger u. kluger Leiter.
594 1947 3795 2275 5 April. Morgens zu meinem Leidwesen nicht schnell
489 2140 4011 2422 aufgebrochen, noch durch d. Pflanzung. Weg in's Gebirge, meist
449 2276 3766 2599 steil ansteigend zwischen alter u. neuer Fahrstraße nach
469 2479 3979 2769 Wilhelmsthal. Hotel häßlicher Bau, wie in einem Berliner
458 2610 3065 2883 Vorort, nicht aber tropischer Gebirgsluft.
520 2814 3727 3076 6. April. Marsch nach Baga. Sehr interessante u. schöne
473 2896 3704 3272 Bilder, da ständig in beträchtlicher Höhe. Kleinsiedlungen,
487 3111 3967 3446 Ochsen vorm Pflug, deutscher Fleiß u. heimische anheimelnde
481 3244 3781 3625 Bilder. Schön gelegenes Washambaa-Dorf Sale. Wasserbäche,
483 3471 3871 3746 Vegetation. Zuletzt auf parkartiger Fahrstraße durch lang„
513 3616 3867 3917 gestrecktes Tal von thüringischen Reizen nach Baga, einer
507 3757 3838 4000 aufgelassenen Kaffeepflanzung Hrn. Bötzow's mit leer„
515 3923 3897 4188 stehendem Haus, nein Schlößchen. Sehr geschmackvolle An„
500 4051 3815 4353 lage, Zimmer fast zu groß, außerdem beinahe leer.
494 4213 3956 4543 Einige Bücher vorgefunden (Schlacht von Tsuschima, Fr. von
490 4414 3965 4659 Prince's Erzählungen aus d. Wahehe-Kriegszug ihres Gemahls)
698 4532 3965 4906 7-8. Baga gefaulenzt, gelesen, einige Spazierwege. Bis 11 Uhr
