4324 5213
316 249 458 423 80
416 246 3776 544 den Namen. Es hinkte schwer über einen Hügel,
430 475 3981 636 wir rannten nach, ich schoß noch 4mal, glaubte verfehlt
417 636 4017 900 zu haben u. schleppte Ali weiter nach, der schnell aus
388 799 3948 1096 Kindope ein Schächtmesser beschaffen wollte. Da fiel
417 983 3859 1283 es plötzlich um u. war, als ich hinzukam, bereits
419 1101 3959 1416 tot od. doch gänzlich bewußtlos. Ich hatte 3mal noch
438 1261 3828 1566 in d. linken Seite getroffen. Ich konnte also ohne
460 1428 4004 1707 Tierquälerei zu begehen, Ali's Bitte erfüllen, keinen
430 1657 3700 1954 Fangschuß weiter zu geben, jede Bewegung war
435 1788 3662 2070 entflohen. Indes Ali Leute holte, zeichnete ich den
458 1956 3802 2290 Kopf ab, sah mich nur von Zeit zu Zeit um. Nichts
445 2116 3835 2449 war weiter zu sehen als ein Raubvogel über der
460 2363 3862 2596 träumerischen. Baumgrassteppe. Ali blieb die Zertei„
484 2457 3747 2781 lung zu überwachen, ich kehrte über Kindope
528 2667 3694 2876 allein zurück. Im Lager große Freude, denn das
529 2804 3858 3135 gewaltige Tier giebt 2mal so viel Fleisch wie ein
499 3051 1101 3319 Barappi.
673 3163 3950 3432 Janensch hatte inzwischen in unsrer Plateauhöhe nordw. v. Tenda-
527 3308 3026 3590 guru ein Femur von 2,08 m. Länge (!) gefunden.
659 3434 3923 3637 Erfreulicherweise traf mittags die Post zur Sonntagssiesta ein,
549 3605 2863 3875 auch Geld. Restzahlung u. Fleischverteilung.
696 3745 3832 3982 18. Oct. Vorm. m. Janensch gemeinsamen Rundgang zu den
593 3870 3977 4115 Arbeitsstellen im N. gemacht. um ½ 11 zurück. Seit dieser Zeit bis
593 4007 4018 4251 2 Uhr tat Janensch keinen Schritt weiter aus d. Lager, sondern
576 4160 3805 4419 schlief vor u. nach Tisch u. las die Zeitungen. Das ist wohl
581 4258 4031 4564 Ausnahme, nichtsdestoweniger scheint es mir unberechtigt. Wenn
567 4420 3958 4668 er dann Abds. d. Funde besichtigt, so nützt dies theoretische Inte„
570 4569 3935 4797 resse, das auch bis Berlin Zeit hätte, den Grabungen nichts. Er
576 4668 3712 4992 geht nicht zu Gräben, in denen nichts zu sehen ist, das
