4324 5213
244 200 471 408 20
537 191 3837 567 ist mir die Entfernung von hier zum Tendaguru,
495 405 3942 776 zwischen 2 u. 8 Stunden angegeben worden, so daß
502 666 3934 929 ich mich auf d. eigenen Blick angewiesen fühle.
459 843 3763 1096 Die hiesigen Wandonde können Stunden nicht
535 1077 3970 1314 anders angeben als durch Bezeichnen der betr.
459 1251 3802 1580 Sonnenhöhe, eine neben der Zahlangabe an„
516 1404 3432 1796 scheinend allgemein geübter Brauch.
669 1621 3798 1969 4. Mai. Schickte d. Träger u. Boy's voraus. Mit Boheti zur
399 1899 3772 2246 Knochenfundstelle. Fand erst nach einigem Suchen auch das
392 2079 3943 2386 Gestein d. Saurierschicht. D. Fund ist von bedeutendem Interesse.
415 2212 3908 2528 Um 8 zurück, sofort weiter zum Kerani Ligoma, wo die
374 2380 3835 2757 Leute noch lagerten. Auf d. Wege meist durch Mtama-
411 2564 3729 2856 Pflanzungen, zur Rechten d. Namunda-Plateau. Die
347 2713 3981 3029 Flüsse heißen größtenteils nach d. Ursprungsort, also Namyura
358 2867 4002 3211 u. Namunda. Einzelne haben eigene Namen: Vom Namyura
336 3036 3769 3339 kommt d. , der durch Bifurcation eine lange Insel
342 3172 3772 3483 bildet, zw. Namyura u. Namunda entspringt d. Ubolelo.
322 3347 3827 3716 Hinter d. Kerani folgten Mwanje, Namungu (od. Namunda?)
333 3557 3958 3867 u. d. Sammelstrom Kipande, der weiter aufwärts d. Mahim-
375 3681 3763 4003 bui aufnimmt. Keiner führt mehr Wasser. Beim Kerani
339 3838 3795 4163 um 10, nur wenige Minuten Aufenthalt, in 1½ Std. zum
326 4065 3757 4362 Lager auf fürchterlichen Wegen. Führer werden stets ohne
321 4160 3901 4471 Aufforderung gestellt. Zu Haus finde ich Dr. Janensch krank;
342 4356 3301 4694 ich hatte uns über d. Fieberzeit hinweg geglaubt.
573 4453 4010 4779 Nachm. Zeitungen. Lohnzahlungen. Im Graben eine riesiger
315 4713 2164 4957 Knochen inzwischen aufgedeckt.
