4324 5213
3797 126 4021 334 143
468 185 3837 465 hervorragenden Führer, an den vor 2 Jahren in diesem
438 342 4101 618 Lande gefressenen Unteroffizier u. d. herrschende Hungersnot,
447 482 3959 826 so daß ich selbst meine Leute beargwöhnte, als zufällig
500 734 3948 1000 mehrere an mich herantraten, sämtlich d. Hände auf
502 859 3947 1121 d. Rücken. Ich entsandte J.'s Boy m. meiner Büchse
512 1092 4096 1318 (vielleicht unvorsichtig) dorthin, wo d. Schüsse gehört worden
532 1177 3857 1421 waren u. schoß auch selbst 3 mal im Lager m. d.
528 1353 3714 1607 Flinte. D. Sonne ging unter, es wurde dunkel,
522 1586 4048 1747 Leute erboten sich zum Suchen, ich hielt sie zurück, denn
509 1698 3898 1925 es war sinnlos in d. Unendlichkeit, Nacht u. Gras„
559 1850 4006 2118 wüste, zumal wir nicht wußten, wohin J. gegan„
532 2052 3823 2338 gen war. Um 7 erschien J. mit seinen Begleitern
541 2232 4036 2529 ganz frisch u. vergnügt: er hatte 2 Gnus angeschossen u.
543 2397 3762 2729 verfolgt, bis er sie hatte. Es war wie alle die
576 2556 3838 2885 Tage nicht sehr heiß, immerhin alle Anerkennung
599 2822 1768 3067 für diese Ausdauer.
753 2926 3805 3262 24.II: Abmarsch längs der Barrabarra zum
597 3195 3892 3449 Jumben Biro. Jetzt war ich über J. wieder etwas
597 3318 3968 3553 ärgerlich, denn ehe er morgens fortkommt, dauert's
606 3485 4100 3770 wer weiß wie lange: d. Leute wollen d. Zelte abreißen,
598 3697 3921 3973 er muß erst noch eine Aufnahme machen, wozu 3 Tage
641 3898 3814 4150 Zeit gewesen waren; d. Träger sind schon voraus
565 4098 3919 4323 (mir ohnehin unsympathisch), er muß sich erst noch um
553 4313 3913 4467 d. Verteilung d. zurückgelassenen Fleisches kümmern.
597 4438 3709 4714 Schließlich wartete ich nicht länger u. eilte, bis ich
579 4600 3816 4802 wieder an d. Spitze d. Karawane kam, hatte dann
