4325 5213
3805 199 3940 342 71
2817 191 3481 343 Newala-Sandstein
413 241 4111 488 ausschließlich aus d. festen, roten, porphyrähnlichen Gestein oder
430 365 4064 690 weißen Quarzblöcken bestehend. Ich vermochte nicht zu
414 590 4016 809 erkennen, ob sie die Anhöhe umhüllen oder selber auf„
405 700 4000 1019 bauen. Hübsche Blicke nach N. u. W. Viele kleine Pfade
410 872 3959 1185 in dieser menschenleeren Gegend u. zwar nicht nur
404 1013 4099 1273 niegegangene, wie Ali behauptete, denn ich sah beiseite
393 1216 3933 1532 geräumte u. durchgehauene Bambusstauden, die erst
407 1369 4020 1712 in diesem Jahre hinübergefallen sein sein können; diese
412 1542 3877 1875 Spuren kann ich nicht nur auf Wild zurückführen.
431 1697 4136 2037 Heut nicht ein Stück, auch keine frischen Spuren gesehen.
690 1946 3923 2198 Zeitungen u. Stanley gelesen, letzterer enttäuscht
443 2146 3807 2372 mich ein wenig, ich fühle den Zeitungsschreiber und
444 2254 4074 2537 werde verstimmt. Die Lagerruhe am Sonntag unendlich
489 2401 3876 2736 behaglich u. wohltuend, aber im Augenblick ist der
508 2569 2928 2897 Tag herum. Ich täte so gern noch mehr.
846 2755 4025 2982 26. Sept. Morgens in d. alten Schamben ein Mba-
487 2958 3730 3234 wala geschossen, und Vegetationsbilder photographiert.
562 3079 4017 3413 Nach Tisch Meldung von Barappis am Wege nach Mtapaia.
508 3297 3998 3581 Sogleich aufgemacht u. bald gefunden. Ich ließ Janensch
526 3461 4003 3731 d. ersten Schuß tun, konnte aber selbst noch 2 mal
502 3586 3945 3880 schießen, ehe die Herde, bei der viel bräunliche hell
504 3737 4110 4025 gefärbte Junge, abging. Mein erster Schuß hatte getroffen,
546 3889 4007 4195 d. Tier fiel 2 mal zusammen. Nun gingen wir nach u.
515 4059 4086 4381 fanden eine gute Strecke weiter ein verendetes. Nach
519 4249 4049 4544 d. Schußkanal glaubten wir, daß es Janensch's Beute sei
525 4451 3987 4675 doch scheint mir nachträglich d. Sache nicht recht sicher.
526 4589 4111 4838 Ich traf sie später noch einmal u. erlegte ein weiteres,
533 4793 3945 5029 bin freilich nicht sehr stolz darauf, da ich nur durch Zufall
