4324 5213
3883 230 4044 364 39
576 237 3932 447 Abend m. Dr. J. u. Boy's. zu d. ehemaligen Schamben, wo herrliche
389 337 3798 574 Bilder (ein Baum wie v. Hoffmann-Fallersleben gemalt). Höre,
381 476 3990 782 daß d. Schwarzen außer d. arabischen Sternkunde (die sie vielleicht erst
389 622 4071 859 angeregt haben könnte?) Namen f. einzelne helle Sterne, sonst
387 730 4119 1060 aber f. gewisse Gruppen, also Sternbilder haben (übrigens Namen,
374 888 3846 1208 die keinen übertragenen Sinn enthalten) u. natürlich auch
373 1065 3802 1364 Aberglauben (z. B. betr. d. Nähe des Todes) daran knüpfen.
641 1180 3930 1527 Die Wangoni treten bei uns in Arbeit, bei d. Muëra's
435 1311 4118 1712 scheinen sie noch immer in höllischem Respekt zu stehen.
394 1505 3957 1812 Unverfälschte Wilde darunter, aber in Gestalt, Farbe, Ausdruck
398 1648 3472 1979 ungemein verschieden, auch kein reiner Stamm.
652 1751 4000 2101 Montag 19. Juli Vorm. viel Arbeit mit den zahlreichen,
435 1961 4003 2251 neuen Arbeitskräften (jetzt ca 130 Mann). Neuen Graben dicht
403 2101 3853 2406 am Lager (nördl.) begonnen, wo zahlreiche gute Funde
412 2376 1499 2563 oben auf liegen.
559 2421 3957 2722 Abends jetzt fast regelmäßig auf Jagd, sehe auch meist
351 2598 2822 2871 Wild, komme aber nie zum Schuß
592 2688 4147 2996 20. Juli: Jenseits d. Barrabarra wird mir wiederrum
440 2870 2849 3158 ein reicher Knochenfund gezeigt.
601 2982 4121 3274 21. Juli Abend: Eine mir schon seit über Monatsfrist auf
493 3114 3975 3425 d. Lippen schwebende Bitte um Safari wird von Dr. J.
497 3293 3771 3627 gewährt. Meine sondierenden Fragen fanden nie ein
479 3408 4085 3702 warmes Echo, so daß ich mich geduldete, auch um ihm selbst
514 3548 4012 3863 in seinen dies bez. Entschlüssen nicht vorzugreifen. Jetzt
487 3736 3766 4025 ist aber Eile von Nöten: In mehr denn einem
470 3848 3971 4220 Vierteljahr haben wir zwei geologisch noch nicht so„
461 3976 3974 4370 viel geleistet wie Prof. Fraas in einer Woche; am
465 4175 3922 4539 Lohntage muß ich zurück sein u. im August wird
479 4304 4096 4641 vielleicht d. Verpflegung schon schwieriger. Ich selbst kann
458 4512 4110 4787 bei unsrer Arbeit völlig entbehrt werden u. - daß ich's
455 4694 3871 4971 mir nur gestehe - last not least möchte ich in 2 Jahren
