4324 5213
3755 176 3962 352 91
529 269 4058 497 Photographieen kopiert. Reuter „ut mine Stromtid“ gelesen:
606 371 3956 682 Es ist wie eine Reise in die deutsche Heimat. Eine Wärme,
594 544 3988 804 und eine Wonne, wie sie selten aus Büchern strömen.
850 783 4035 1014 Erfahre von einer Sage, nach der die Sprachenunterschiede
541 925 3944 1150 durch eine 3-tägige Hungersnot entstanden seien - also
549 1032 4030 1268 d. Verwirrung von Babylon, nur tritt für den Gott der
556 1283 1394 1509 Hunger ein.
718 1379 3996 1656 22. Nov. Skelett S (in d. 2. Stufe) entwickelt sich prächtig.
570 1598 3956 1870 Treitschke „Ausgewählte Schriften“ gelesen. Etwas reichlicher
527 1796 2990 2059 Pathos, aber klar u. knapp u. lebendig.
803 1907 4094 2137 Abds u. morgens in d. Schamben, ohne Wild zu sehen.
710 2133 4083 2356 23. Nov. Morgens Knochentransport von 127 Lasten nach Lindi.
594 2318 3901 2531 Uns fallen hier nicht Steine, sondern Knochen von dem
586 2410 4112 2683 Herzen. Die Träger hat unser energischer u. tätiger Aufseher
601 2596 3956 2847 Mohammadi requiriert, indem er von Sonntag nachm.
626 2815 3808 3019 4 Uhr bis Montag früh um 9 auf d. Beinen war; er
604 2906 4096 3189 ging durch die Dörfer, klopfte an jedem Haus an, weckte
543 3075 4026 3312 Die Schlafenden mit der freundlichen Aufforderung:
516 3238 3912 3517 „haia safari!“ und schickte sie noch nachts in's Lager.
572 3369 3819 3661 Wenn d. Jumben gewollt hätten, hätten sie also
583 3561 4008 3871 gekonnt. D. Leute gehen angeblich sogar sehr gern, sind
572 3775 3762 4031 also möglichenfalls direkt verhindert oder nicht
577 3917 2080 4221 benachrichtigt worden.
796 4021 3771 4358 Ganz wolkenloser Himmel, aber frischer Wind.
553 4236 3882 4533 Viele Schwalben über die Lager. Die Fliegen sind
559 4393 4060 4681 jetzt nicht reichlicher als sonst zur Trockenzeit, es handelt
509 4518 3782 4851 sich also um Züge in weitere Ferne. Ob's Boten
534 4716 2193 4990 aus der Heimat sind?
