4324 5213
3684 209 3905 363 145
371 232 3994 494 Kurz vor dem Jumben durch den ziemlich wasserreichen
358 439 3688 710 Matuli-Bach. Heut wie gestern keinen Tropenhelm
420 582 3762 904 getragen, da ständig bedeckt. Nachm. u. d. ganze Nacht
433 811 3958 1097 hindurch 12-stündiger, oft ziemlich kräftiger Regen.
720 986 3702 1254 Große Schwalbenart in Scharen (Flugübungen?)
434 1165 3746 1438 Wie all die Tage, auch an d. Bahn, zahlreiche große
473 1323 3719 1588 Raubvögel in d. Luft. Storchartiger Vogel sehr hoch.
715 1496 3605 1763 Salesi bringt mir Gesteinsprobe aus d. Nähe:
526 1724 3001 1972 Grobe Sandsteine mit Toneinschlüssen.
651 1849 3772 2161 Eine Szene zum Jesus, über deren Notwendigkeit noch
488 2052 1518 2313 nicht ganz klar.
729 2220 3881 2525 25.II: Morgens von Scharen fliegender Ameisen am
489 2439 3744 2687 Frühstücken verhindert. Weg unerwartet gut, Luft
534 2631 3453 2894 angenehm. Auf Barrabarra Giraffe aufgescheucht.
727 2722 3858 3041 Gröbere Konglomerate deuten Nähe des Kristallinen
485 2947 3815 3178 an, darin Gerölle aus Konglomerat! Im übrigen die
499 3010 3707 3351 braunen sandigen Letten. Ich zweifle nun ganz an
564 3214 3853 3521 hier anstehenden Karroo. Die ganze Jurafolge besteht
487 3412 3853 3719 aus jenen Letten, alles andre sind darin von Zeit
510 3632 2913 3879 zu Zeit eingelagerte Bänke aller Art.
706 3808 3695 4091 Durch den Matuli-Fluß, ich bis über d. Hüften
457 3906 2946 4245 hinein geraten; er fließt hier nach W
2760 3954 3082 4099 links
2899 4028 3742 4245 , um erst im
464 4153 3502 4439 Bogen zum Ngerengere zurück zu eilen. In
464 4328 3539 4661 Magona Barrabarra verlassen, da die folgenden
443 4550 3803 4856 Dörfer auf längere Strecke durch Abwandern einge„
468 4727 3911 5004 gangen. Auf unter Wasser gesetzten Wegen nach Lukosse.
