4324 5213
353 194 521 370 26
434 208 3687 496 29. Mai: Taube geschossen. Sonnenunterg. auf Tendaguru.
435 383 4005 685 Sonntag d. 30 Mai, Pfingsten: Mit Boy Sefu u. 3 Mann auf
386 627 3963 869 dem Wege nach Lindi bis zum Anstieg auf rötlichen Hügel„
394 784 3872 1052 zug (1 Std.), auf diesem entlang gegen Matapua bis zu kleinen
367 878 3769 1202 Häuschen mitten in d. Wildnis, von dort z. T. ohne Pfad
413 988 4024 1277 auf d. Barra-barra u. von Norden zurück in's Lager( 5¼ Std.)
383 1158 3995 1507 Vom Hügelzug schöne Fernblicke üb. d. Tendaguru (photograph.)
395 1411 3917 1658 Dicht vor mir sprang eine kl. Tucker-Antilope wie ein Reh
393 1517 3918 1816 über d. Weg. Ganz frische Barrappi-Spur, aber schlechter Wind,
389 1668 3963 1903 viel Dickicht. Einen Kurukuru geschossen, da meine Leute ihn
416 1790 3992 2116 für ausgezeichnete Speise erklärten; hatte den Ruf oft gehört,
421 1942 3805 2222 d. Vogel aber nie gesehen, freute mich jetzt sehr über
410 2057 4017 2349 das wunderbare Farbenspiel des Gefieders: Kopf kakadu-ähn„
406 2230 4033 2512 lich, der Schopf üb. d. Augen grün, nach oben blau mit goldigem
372 2355 3814 2638 Schimmer, Körper grau, Schwungfedern tiefrot. Schwanz
431 2500 3823 2819 schwarzblau. Kurze Rast. Hinter den kleinen Schamben in
333 2657 3773 2977 Flußläufen Trigonien-Schicht dicht voller Fossilien zum
350 2758 3926 3153 Erstaunen meiner Begleiter. Die rötlich-porphyrähnlichen
369 2902 3963 3244 Gesteine, die auch an d. Oberflächengeröllen reichlich betei„
373 3068 4007 3410 ligt sind, fand ich hier höher anstehend(?) Tals d. Trigonien„
322 3245 3955 3558 Schicht, an andrer Stelle über dem typischen Trig.-Konglo„
379 3413 4053 3722 merat weiße feine Sandsteine. Auf d. Barrabarra Terrain„
373 3509 4034 3867 kante von Konglomerat mit Fossilien (ohne Trigonien?),
418 3736 4035 4012 dann am Mtapaia-Fluß, der noch viel stehendes Was„
434 3855 3967 4239 ser hält, deutlich gebankte grobe Sandsteine. Hier einen
428 3992 3828 4348 reiherähnlichen, kl. Vogel geschossen, den ich für eine
460 4198 4019 4508 Schnepfe gehalten hatte. 2 Schopfperlhühner gesehen, konnte
445 4330 3276 4617 aber im Dickicht nicht folgen. Um 12 zurück.
698 4480 3900 4770 Fest-Diner u. „Kalte Ente“. Nachm. Hrn. Besser geholfen,
393 4609 2967 4852 d. Kurukuru zu präparieren. Abend. Schach
832 4693 3913 5015 Momentane Übelkeit vor d. Stuhlgang, vielleicht Überanstrengung.
