4292 5213
263 269 471 424 124
422 316 3776 591 nach Kissuka, das ich erreichen wollte; da aber die nächste
458 533 3767 754 Anhöhe an d. Barrabarra (ca 300 m. v. d. Fossil-Stelle) Gneiß
503 703 3964 883 enthielt, wollte ich erst ihr folgen, um zu sehen, ob bestimmt
499 868 3866 1112 kein weiteres Sediment folgte, zumal mir gesagt wurde,
486 1068 3900 1229 ich käme dauernd durch Siedelungen u. würde 2 weitere
501 1178 3761 1436 Wege nach Kissuka finden. Natürlich, traf ich erst nach
484 1317 3877 1581 ca 2 Std. Felder (Mwendagona) u. der  Wald erwies sich
497 1512 3787 1757 nach O als völlig unzugänglich. Nun war es so spät
509 1653 3662 1932 geworden (11h), daß ich trotz geringer Müdigkeit hier
541 1807 3942 2088 lagern mußte (enges Plätzchen für d. Zelt) u. einen ganzen
532 1967 1675 2242 Tag verlor. Regen.
812 2094 3918 2393 Nahe floß d. Ngerengere vorüber, ich hoffte daher wenig„
525 2264 3814 2470 stens auf gute Jagd. Aber sehr steiniger, hügliger Boden u.
519 2469 3919 2648 viel, wenn auch nicht allzu hohes Gras. Einmal riefen mich
548 2600 3833 2805 meine Begleiter zurück; ehe ich heran war, bemerkte auch ich
548 2743 3920 3007 etwas Graues, hielt es aber f. einen Felsblock. Dann er„
518 2881 3963 3087 wies er sich als schöner Wasserbock, ich versuchte anzulegen,
544 3056 3848 3264 konnte aber kein gras- u. blattfreies Schußfeld finden. Er
541 3174 3819 3452 ging mit einigen Sätzen auf d. Höhe. Ich folgte schweiß„
538 3334 3892 3592 triefend, sah ihn nochmals durch Gebüsch, dann war keine
515 3457 3981 3751 Spur mehr zu finden. Um 5 in's Lager zurück. Starker Regen.
657 3601 3846 3912 17. Apr. Durch herrlichen lichten Wald auf freilich verwachsenen
486 3763 3913 4063 Wegen nach Kissuka. Kein Wild, aber zuletzt auffallend viel
515 3971 3815 4270 Giraffenspuren. Verlor wieder Zeit durch falsche Auskünfte.
505 4121 3688 4434 Erst hörte ich, bis Kissemo sei 8 Std. u. kein Mensch, dann
528 4260 3875 4531 wieder sollten mehrere Jumben nicht allzuweit wohnen.
525 4457 3921 4685 Mir war's zu ungewiß u. morgen konnten wir doch nur
526 4579 3612 4867 bis Kissemo kommen. Also schon um 9 Lager bezogen.
3151 4560 3625 4704 Nangumba
3569 4583 3885 4771 Nir„
535 4793 3893 5014 gends Anstehendes, aber offenbar (Geländeformen) noch Gneiß„
