4292 5213
330 229 549 497 108
530 245 3883 604 scheinbar meist verlassenen Hütten unter schönen
556 378 3925 735 Mango-Kronen vorbei, vereinigte sich kurz vor
595 536 3696 907 einem Bachübergang mit der Hauptstraße vom
596 738 3834 1078 Rondo her, dann durch schönen, hohen, lichten Wald
634 919 3856 1210 mit nicht sehr hohem Grase, über den Milola dicht
624 1087 3873 1412 über seiner Mündung, endlich mit der Straße
635 1248 3942 1564 von Naholo her zu der neuen Siedelung am
613 1415 3746 1727 Lutamba, hübsch auf einer Höhe gelegen.
645 1607 3681 1912 Gegen 11 beim Jumben. Der letzte Träger kam
638 1810 3844 2027 erst nach 1 zitternd u. ohne Last: er war von
663 1945 3879 2224 einer Schlange gebissen worden. Meine Bemü„
618 2115 3698 2427 hungen hatten vollen Erfolg, denn sein Ver„
595 2258 3812 2570 trauen zum Europäer siegte über die Furcht
593 2405 3723 2710 vor dem Tode — u. in dieser bestand seine
619 2564 3638 2870 einziges Unheil. Abends auf der hübschen
618 2778 3879 3054 kleinen Insel. Ein herrliches Fleckchen Erde, für
627 2901 2317 3221 Afrika gradezu eine Oase.
339 3062 3719 3408 Sonntag d. 26.II: Marsch nach Nguapa, ca 3 Std. Fand dicht über
703 3259 3909 3562 d. Lutamba -See Saurierschichten u. weiße Sandsteine,
703 3446 2811 3726 die wohl hinein gehören mögen.
883 3553 3745 3886 Nachm. Auf d. Liwengula gestiegen: nichts als
663 3746 3862 4029 immer derselbe Sand, Bornhardt's Deckschichten.
653 3926 3897 4211 Beim Abstieg dann auf einmal freiliegende Tone
688 4076 3799 4363 mit allerlei Blocküberstreuung wie zwischen
679 4231 3715 4452 Lutende u. Nanembo. Am Fuße eine auffällige
659 4398 3987 4709 Grasebene von Hügeln eingefaßt. Kein Wild gesehen.
