4292 5213
283 295 388 365 78
522 259 3083 469 heiß u. trocken — mit dem Vollmond!
642 434 3545 656 Nachm. M. Hrn. Schultze u. Janensch bei Skelett A.
537 670 3961 864 Sonntag d. 18. Dez: Allgemeine Jagd, Janensch am Mbenkuru
593 827 3959 1067 auf Wasserböcke, Hr. Sch. auf die Mtapaia-Barappis, ich zwischen
573 1027 3631 1227 Lilahi u. Lilomba hinab am Mbenkuru bis nahe der
561 1179 3747 1367 Kiboko-Stelle. Leider früh dichter Nebel 2 Std. lang, ich mit
585 1334 3830 1509 1 Kugel u. 1 Nguruve die größte „Strecke‟. Über Liwengwa
608 1476 3721 1654 zurück, nirgends auch nur Spuren gefunden, während
696 1633 3803 1846 J. u. Sch. zu Schuß auf Großwild kamen. Um 10 ½ im
673 1818 1925 2015 Lager. Dann Ruhetag.
844 1940 3721 2160 Cl. Viebig „Wacht am Rhein ausgelesen. Etwas breit u. ohne
666 2111 3737 2296 hervorstechende Vorzüge, aber klar u. rein. Eine schön fraulische
612 2245 3810 2452 Vereinigung u. Verwebung großer geschichtlicher Zeiten mit
664 2393 3802 2604 kleinen lieben Menschenleben, wenn auch das Haus recht
700 2519 3901 2742 anders aussieht als der Baustein. „Ut mine Festungstid‟ begonnen.
870 2720 2941 2892 Wieder trocken, sehr warm, sonnig.
747 2862 3829 3071 19 Dez. Hr. Sch. u. J. ziehen auf meine Empfehlung nach
631 3039 3520 3257 Mtapaia zur Besichtigung des neuen Skeletts u. zum
620 3190 3839 3453 Mbenkuru an d. schönen Lagerplatz vom Jussuf Manga nahe
650 3422 2553 3600 dem Jagdeldorado vom Mto Nyangi.
1042 3553 2905 3726 Allerhand aus d. Gräben zu retten.
762 3708 3697 3895 20. Dez. Morgens in d. freie nun schon recht grüne Pori
652 3888 3821 4050 zwischen Lindi-Weg u. Lipogiro, kein Wild, es ist ein Jammer.
706 4045 3767 4239 Ganz zuletzt ein Puduka od. Mbawala in dichtem Bambus
697 4221 3565 4405 gesehen. Schoß u. glaubte es fallen zu sehen. Aber nach
714 4421 3894 4559 langem vergeblichem Suchen ein einziges winziges Tröpflein
722 4595 3678 4736 Blut, keine Spur, nichts! Es ist greulich, aber kaum zu
725 4766 3781 4902 vermeiden, falls man nicht ganz auf d. Jagd verzichtet.
