4292 5213
296 307 458 373 54
602 263 3867 432 17 Oct. Einpacken d. Lasten begonnen. Halswirbel glücklich ange„
3653 335 4007 424 kommen.
829 400 3694 572 Ich komme immer zu Vollmond nach Lindi. Un„
698 572 3833 762 vergleichliche Abende an der Bucht. Gemütliche Abend„
655 793 1199 921 schoppen.
970 890 3668 1044 An 500 Lasten verpackt, Kisten vernagelt u. mit
692 1008 3756 1153 Bandeisen versehen. Für d. Halswirbel besondere Kiste
699 1150 1989 1296 nach Maß angefertigt.
934 1251 3810 1432 Noch immer Pestratten von Zeit zu Zeit. Sah mir
620 1406 3771 1612 Dr. Wolff's schöne Praeparate an, auch ein Schlafkrankheits„
642 1556 3807 1768 trypanosom von einem kürzlich hier vorgekomme„
675 1691 3835 1896 nen Fall, der mir recht bedeutungsschwer erscheinen
677 1925 994 2034 will.
796 1998 3734 2210 21 Oct. ½ 6 ab Lindi an der Bucht über d. Kitulo nach
646 2153 3566 2354 Yangwani. Recht heiß, bin froh ein Dach für das
654 2302 3574 2523 Zelt vorzufinden: Abends Verdauungsstörung,
662 2453 3320 2668 Magenschmerzen. Außerordentlich viel Raubvögel.
765 2591 3706 2870 22 Oct. Fühlte mich etwas schwach u. hinsichtlich des
665 2744 3555 2988 Magens schonungsbedürftig. War daher ganz froh,
691 2902 3746 3136 schon gegen 9 in Pilepile einzutreffen, wo das Zelt
691 3060 3574 3307 unter herrlichen Mango-Bäumen mit Blick in's
671 3220 3710 3488 Namgaru-Tal aufgestellt wurde. Von Yangwani ab
679 3381 3850 3647 ständig, aber unmerklich aufwärts bis Kidete, welcher
674 3541 3747 3812 Name meinen Leuten nicht geläufig war. Dann
666 3700 3731 3976 Übergang über d. Nambawala-Plateau (ähnliche Ortsbe„
622 3886 3856 4135 zeichnungen nach Tieren: Nambango, Nangulure, Namba
668 4067 3783 4298 rappi) Diese Vorstufen-Plateaus, auf d. Karte ganz los„
668 4217 3762 4442 gelöst gezeichnet, schließen offenbar an d. höhere
627 4397 3561 4633 Noto an, auch Lutende dürfte dazu gehören. Einer
589 4581 3709 4773 Meeresabrasion hat es zu ihrer Bildung nicht be„
