4292 5213
3868 294 3996 358 49
427 336 3967 493 der jenseits an d. Stelle geführt, wo wir vorigen Dezem„
514 507 3729 686 ber jagten. Wir haben ja dies Jahr so viel große
518 644 3805 875 Feuer dort brennen sehen. Aber prost Mahlzeit:
508 842 3905 1042 genau so schauerliches Gras oder was davon übrig, wie
515 1011 3858 1242 voriges Jahr. Nur durch Elephantenwege überhaupt
542 1191 3694 1415 gangbar. Eine Herde Schweine, sonst nichts trotz
557 1352 3681 1590 mehrfacher frischer Ndogolo-Spuren. Über einen.
561 1631 1718 1767 mir unbekannten
1636 1536 1734 1586 l.
1718 1557 3754 1691 Nebenfluß des Mbenkuru u.
556 1663 3849 1950 diesen selbst (wahnsinnig verwachsenes Flußbett).
587 1855 3863 2121 Jenseits ein Mbawalla angeschossen; während wir
568 2009 3931 2262 folgten, Barappis gesichtet, die mich dies Jahr grade„
535 2187 4017 2409 zu verfolgen. Mbaw. erlegt, dann mit Apparat hinter
561 2373 4015 2587 ihnen her. Leider weit abgegangen, es hätte ein Pracht„
587 2618 3844 2753 bild gegeben, so photographierte ich wenigstens den
558 2730 3961 2936 Rahmen. Gegen 10 zurück. In Kindope hübschen großen
584 2908 3950 3125 Blasebalg gesehen: 2 riesige Säcke aus Mbawalla-Fell,
603 3073 3692 3280 je eine Bambusröhre in das gemeinsame Rohr
572 3303 1157 3450 mündend.
742 3391 3767 3620 5 Oct. Begonnen den Stegosaurier in Mtapaia zu ver„
645 3643 1032 3770 packen.
744 3649 3874 3907 6 Oct. Janensch nach Mtapaia auf einige Tage, da hier
663 3812 3843 4038 jetzt viel Abräumungsarbeiten, die uns etwas ent„
601 3942 3939 4181 lasten. Nur die Einpacker verlangen ständige Beauf„
660 4089 3761 4322 sichtigung, die natürlich Einer leisten kann. Auch
632 4284 2724 4477 wird J. in Mt. einpacken lassen.
835 4383 3949 4611 Ich in Kindope. Weg mit Schrittmesser abgemessen, kon„
609 4559 3832 4763 statiere aber 20% Fehler. Schädelstück mit nach Haus
658 4693 3133 4908 genommen u. ganzen Nachm. praepariert.
