4292 5213
249 324 364 388 72
420 313 3854 505 26. Nov. Fühlte mich zeitweise nicht recht wohl, wußte aber
475 490 3557 637 nicht, ob Fieber oder Magen. Vermutlich Erkältung.
618 652 1453 778 Abds. 39,2° gemessen.
416 733 3782 968 Sonntag d. 27. Nov: Nachts u. bis mittag starker Durchfall, daher heut
568 898 3777 1127 ganz liegen geblieben. Allerhand aus Janensch's Reclam-Biblio„
540 1067 3653 1278 thek gelesen, da wenn Aufmerksamkeit nicht abgelenkt, die
570 1187 3833 1427 Verdauungsstörungen u. Leibschmerzen heftiger, vielleicht infolge
536 1314 3556 1597 Einwirkung der Einbildungskraft. Hatte den Sonntag
531 1455 3635 1743 besser auszunutzen gedacht u. mich recht darauf gefreut.
684 1628 3801 1936 28. Nov. Nach guter Nacht aufgestanden, um die Absendung des
508 1781 3765 2109 Knochentransports zu leiten u. Briefe zu schreiben. Wagte mich
494 1948 3850 2250 jedoch noch nicht vom Berge hinab. „Kampf um d. Oberherrschaft
532 2134 3616 2400 in Deutschland“ v. Friedjung I Band ausgelesen. Es ist so
516 2308 3888 2551 dramatisch, daß ich dem Verf. kaum die behagliche breite Geschichts„
489 2462 3816 2719 schreibung verzeihe. Fühlte mich bei d. Lektüre im Liegestuhl
545 2606 3776 2863 so wohl, daß ich schleunigst zu d. Gräben wollte. Aber beim
529 2750 3801 3011 Aufstehen doch etwas wie rückkehrendes Fieber. Soll ich nun
507 2895 3867 3157 Chinin nehmen u. mir damit von neuem d. Magen verderben
522 3051 3785 3339 od. stärke ich mich mit Rotwein auf d. Gefahr hin, dennoch
504 3246 3260 3487 Malaria zu haben. Ich entschied mich für Rotwein!
648 3455 2545 3645 29. Nov. Einige nahe gelegene Gräben.
650 3618 3396 3803 30 Nov. Lohnzahlung. Befinden wieder ganz leidlich.
684 3811 3590 3980 1 Dez. Es bleiben uns noch immer an 200 Mann, aber
491 3963 3557 4141 für die Arbeiten viel zu wenig. Skelett A entwickelt sich nicht
523 4096 3667 4286 zu meiner Genugtuung. Abends in d. Schamben Wild gesucht,
548 4252 3750 4428 auffallend still, auch keine Spuren. Vor einigen Tagen waren
538 4428 1425 4563 wilde Hunde da.
638 4593 3789 4738 3. Dez. Morgens im Mbenkuru-Tale Barappi u. Ndogolo gesucht,
505 4762 3839 4907 auch hier ergebnislos. Kindope-Gräben. Wollte noch zu Skelett A
