4292 5213
3701 258 3939 506 145
443 285 3463 565 so bekam er von Jedem 2 Schuß; ich ließ ihn daher v. Staff.
594 452 2615 701 Abfertigung der Europa-Post. Schach.
517 592 3885 819 Furtw. etwas höheres Fieber gegen Abend, dann Schweißausbruch.
727 785 3778 1010 3.VII: Furtw. aufgestanden, aber nicht wohl, allmählicher
517 939 3826 1158 Verdacht auf Rückfallfieber, da er auf d. Hermarsch Zecken
538 1081 3868 1301 bekommen hat. Wir sind also eigentlich doch wieder nur zu
535 1209 859 1408 zweit.
272 1323 3762 1532 (29.VI: (?) 4.VII. Bei Skelett S kam ich grade in d. Augenblick, als ein
578 1457 3771 1630 Schädelstück mit Zähnen aufgedeckt wurde. Bis nach 1 im
547 1577 3478 1854 Graben gesessen, zum Glück bedeckt. Setzte Boheti an.
647 1761 3792 1958 5.VIII. Wieder am Schädel, wo noch mehr herauskommt,
557 1852 2367 2141 freilich verflucht hartes Gestein
607 2047 3751 2283 6.VIII. Signale zum Triangulieren am Lipogiro angebracht
557 2209 3771 2402 u. mit Theoduliten gepeilt. Schädel recht erfreulich, wenn auch
524 2307 3587 2545 in Stücken. Viel Zähne. Furtw. dauernd nicht recht wohl.
593 2473 3796 2698 7.VIII. Über Kipande-Nangulule auf Namunda, da am Mahimbwi
520 2631 3859 2864 noch nicht gebrannt. Route aufgenommen, ein schweres Stück
512 2763 3687 2970 Arbeit auf den Wegen; z. T. mußte ich, da sonst nichts zu
539 2955 3792 3153 sehen, die Richtung auf d. Gesang meiner vorangehenden
540 3071 3785 3322 Träger nehmen. Obendrein d. Ebene in Nebel, so daß ich
518 3226 3914 3448 v. d. Höhe aus die Inselberge nicht anpeilen konnte. Profil
508 3373 3950 3586 durch die ganze Kreide-Folge, doch keine gesonderte Nkanga-Sandst.-
502 3516 3906 3725 Schicht. Auf d. Namunda im Lauf des Tages nach O, S u. W ge„
510 3658 3983 3924 peilt, immer von getrennten Stellen, da man dicht am Plateau„
524 3814 3897 3995 rande stehen kann ohne in d. Busch hingelangen zu können.
497 3921 3974 4167 Es ist, wie ich heut erst merkte, ein ganz kleines Viereck, ein
499 4042 3855 4278 Aussichtsturm in d. Mitte müßte eine prächtige Rundsicht ge„
494 4196 3781 4435 währen u. wäre außerdem eine prächtige Heliographen-
475 4326 3947 4564 Station. Wenn dies Viereck mit lichtem, hohem Buchwald
447 4481 3885 4699 bestanden wäre! Deutsche Heimat, schöner bist du doch als
448 4589 3503 4865 die Tropen in Samt und Seide u. üppiger Spezerei!
629 4765 3727 4995 Abend: interessante Ngoma mit Tanzrasseln, die ich mir für
