4292 5213
319 290 396 344 6
473 301 3789 484 10 od. 11. Mai: Morgens (wie von jetzt ab fast täglich) zur Be„
496 475 3731 703 sichtigung des Kometen früh aufgestanden. Herrliches
503 688 3842 875 Schauspiel: dunkle, klare Nacht u. die imponierende helle
503 914 2926 1056 Erscheinung wie ein ungeheures Frage
2620 812 3143 892 Ausrufungs-
2926 909 3957 981 zeichen über den
573 1069 3656 1267 schwarzen Wäldern. Seit Lindi um ein Mehrfaches
540 1300 980 1437 größer.
694 1405 3884 1613 12. Mai: Habe gestern eine Falle anders gelegt, heute
552 1556 3843 1773 ist zufällig bereits ein Leopard darin, nachdem un„
548 1697 3835 1944 sere Leute d. ganze Regenzeit über nichts gefangen
561 1865 3852 2092 haben. Natürlich macht es großen Eindruck auf die
546 2034 3688 2240 Schwarzen. Janensch konnte d. Tier mit einem
669 2226 3706 2387 Schusse strecken, ein kräftiges schönes Männchen.
786 2458 3684 2588 13. Mai: In d. Falle heut nur d. Pfote einer
712 2592 3838 2781 Zibethkatze. Eine einzige frische Leopardenspur
634 2777 3967 2954 in d. Nähe scheint zu beweisen, daß sie sich nicht
645 2941 3884 3144 selbst losgebissen hat. Im Walde auf Hundsaffen
678 3126 3942 3311 geschossen; war fast erschreckt über die durchweg
667 3315 3999 3495 gewaltigen, rötlichen Exemplare, die mir mindestens
681 3496 3942 3664 eine Varietät zu sein scheinen. Sie machten mir
665 3675 3915 3846 d. Eindruck großer Menschenaffen. Ein Schuß durchs
689 3856 3726 4016 Gebüsch auf einen hellen Fleck ziemlich auf's
715 4015 4019 4185 Geratewohl, muß aber getroffen haben. Wir fanden
690 4178 3910 4361 nur ein kleines Fetzchen frischen Fleisches, sonst
697 4420 1413 4547 kein Blut.
