4292 5213
251 224 559 414 154
520 303 3780 618 nach N ein wichtiger Anhaltspunkt sind. Dann links ohne
443 476 3899 740 Weg in ein Gnu-reiches Tal hinab, aber nichts als Spuren, auch
470 714 3896 892 von Büffel, gesehen. Am Mavudyi durch den blödsinnigsten Weg, der
499 749 3925 1057 mir je vorgekommen ist, ein kleines Stückchen mit beträchtlicher
494 948 3878 1137 Anstrengung abwärts (stark maeandernd, aber senkrecht zu den
406 1038 3794 1327 Windungen des Flusses u. seines unten schmalen Tales!)
553 1182 3849 1482 Lager auf linker Berglehne in halber Höhe. Guter Überblick
529 1320 3739 1562 über d. Mavudyi-Tal, das hier in d. Plateau wohl antyzedent
551 1514 3871 1807 eingesenkt ist u. d. offenbar enge Kihendye-Tal erzwungen hat
531 1634 3729 1940 als tributären Zufluß. Leider verhüllt der lückenlose dichte
519 1816 3791 2130 Busch alle Einzelheiten, in Europa gäbe das ein andres Land„
534 1964 3893 2288 schaftsbild! Interessanterweise in diesem verlorenen Schlupf„
527 2117 3787 2411 winkel zahlreiche Büffel, an die aber in d. Busch nicht heranzu„
534 2270 3879 2583 kommen. Ging nachm. auf d. Manganya-Plateau auf vergebliche
510 2428 3851 2734 Pürsche (dort lichter Wald: Liwiti), so wie an eine Stelle, wo sein
509 2604 3832 2908 Rand in roten Steilabbrüchen angenagt ist u. mein Aufseher
514 2740 3786 3002 mir ein im Januar gefundenes Stück Kieselholz in Newala-
516 2900 3694 3229 Sandstein zeigte, augenscheinlich ein verzweigter Stamm, der
470 3135 3685 3396 schwerlich im Zusammenhang nach der Fossilisierung in
452 3267 3026 3574 diese hohe Lage gebracht worden sein kann.
747 3458 3667 3773 21.VII. Durch die schöne Liwiti-Yangwa nach N. ganz
515 3608 3765 3965 allmählich abwärts ohne jeden Aufschluß, über weiße Sande.
485 3831 3894 4126 Erst am Fuß des Plateaus ein seitlicher Erosionsrand, der dem
482 3982 3787 4283 Lipogiro genau entspricht u. d. liegende Saurierschicht noch
496 4181 3676 4454 mit betroffen hat. In Manyunyu am oberen Linganla
481 4370 3727 4638 Schamben, wo ich zu bleiben gedachte, da bis Mbate noch weit.
460 4525 3964 4822 Erfuhr aber, daß Janensch's Leute u. meine vorangegangenen
