4292 5213
285 342 365 451 2
596 380 3952 566 verwitterter Decke scharf hervortretend. Glaubte auch
576 521 3864 723 jenseits eine harte Bank am Rondo verfolgen zu
531 671 3843 884 können, die vielleicht in gleicher Höhe, aber doch
531 830 3927 1024 beträchtlich tiefer unter der Plateauoberfläche ver„
570 1040 906 1148 lief.
252 1219 653 1297 Sonntag
747 1149 3882 1306 1. Mai 1910: Vom Noto bis zum Tendaguru mar„
566 1271 3937 1477 schiert. Das Gras schien mir häufig niedriger als im
542 1435 3738 1599 Vorjahr, aber wieder dicht wie die Mauern. Auch
609 1571 3857 1777 hatten d. Jumbe u. d. Karani Kumihu eine tadellose
625 1715 3948 1921 barrabarra hergestellt, die das Wandern viel erfreu„
637 1855 3605 2087 licher gestaltete. Erst in unserm Machtbereich zu
653 2010 3687 2256 meiner Beschämung sehr schlechter Weg, zumal
635 2176 3921 2409 eine Waldlisere neusten Datums als Abkürzungs„
648 2349 3693 2574 weg gebraucht wird. M. E. müßten wir hier
641 2505 3740 2746 schleunigst säubern lassen u. hätten dann den
603 2671 3727 2898 kürzesten u. bequemsten Weg für breite Lasten
599 2832 3705 3049 nach Lindi. Zum Schluß brannten mir erheblich
637 2993 3774 3208 die Füße. Noto-Kumihu 2, Kumihu-Tendaguru 4 Std.
653 3136 3754 3385 Die uns v. Dehn gemeldeten Knochen im Nanditi-
634 3293 3918 3563 Bach fand ich bestätigt. Die vielen Stellen mit groben
656 3465 3573 3716 Geröllen auf Erhöhungen sind jetzt deutlich als
233 3762 499 3821 Unsinn!
662 3598 3903 3841 Rückstände aus den Newala-Sandsteinen zu erkennen.
668 3746 3761 4008 Eine terrestrische Entstehung für diesen Horizont kann
713 3888 3796 4161 ich in keiner Weise verstehen, er ist zu ausgedehnt u.
644 4175 1357 4319 gleichmäßig.
928 4305 3868 4461 Unmittelbar bei Ankunft im alten Lager ging's
676 4426 3892 4580 zur Besichtigung des neuen auf d. Fuß des Berges, das
677 4593 3933 4764 Boheti mit viel Geschmack u. Umsicht bereits vorberei„
