4292 5213
274 341 397 413 16
470 311 3889 510 Mbenkuru-Tal Anstehendes gesucht, um das Liegende der
484 488 3813 690 Lipugiro-Sande zu finden. Nichts zu sehen. Die relati„
526 675 3891 862 ven Lagerungsverhältnisse bleiben mir sämtlich un„
495 920 785 1026 klar.
601 993 3595 1158 Den Abend im Liegestuhl unter hohen Bäumen
524 1165 3910 1294 genossen. Hinter mir die fleischkochenden Herren vom
524 1319 3771 1472 Gefolge schwatzend u. einander anödend, wozu ich
540 1475 3712 1630 von Zeit zu Zeit beisteuerte. Szene zum „Jesus“
566 1669 2980 1828 begonnen. Wär ich öfter so allein!
719 1848 3910 2017 13. Juni. Zu früh aufgestanden, mußte mit Abmarsch
586 2019 3627 2192 warten, bis es hell genug war. Mein Auge
602 2164 3719 2366 begann unterwegs zu schmerzen u. zuweilen zu
601 2313 3817 2515 tränen, da vorgestern ein Grashalm ziemlich kräftig
597 2490 3753 2687 u. tief eindrang. Kein Wild. Von Ngomahi ab
620 2667 3648 2852 andern Weg aus geolog. Gründen u. weil er ja
643 2807 3739 3012 nicht schlimmer sein konnte als d. vorige. Nach
653 2977 3703 3190 S bis zu einer Ansiedelung von z. T. Wamachinga,
636 3139 3839 3371 die ich hier zum ersten Male rechts des Mbenkuru
645 3306 3763 3527 treffe. Auf d. Wege Zwergantilope aufgescheucht,
632 3471 3845 3704 bei d. Schamben Hundsaffen geschossen, einen getötet.
658 3636 3900 3869 Auf der von Förster Dehn in d. Regenzeit geschlagenen
636 3836 3813 4050 Grenzlisiere des Waldreversats, die v. d. Eingebor„
666 4010 3770 4217 nen als Barrabarra betrachtet wird, nach Mta-
681 4184 3787 4353 paia. Auf d. Wege noch einen Hundsaffen er„
665 4343 3611 4514 legt. Am Kadaver des von mir geschossenen
626 4596 3893 4654 Warzenschweins eine Fülle von Geiern u. Gauklern,
