4292 5213
3906 250 4030 307 51
413 305 3927 380 Leute mit Äxten u. Buschmessern voraus. An den Anstiegen
429 415 3929 556 rechte Schinderei, aber die Leute, die erst alle möglichen
438 567 3866 701 Bedenken haben, sind, wenn einmal unterwegs, sehr
465 739 3804 869 fidel. Um 1 ½ glücklich am Nanditi beim Mchwangachwanga
470 890 3349 1035 angelangt, wo mein Zelt bereits aufgeschlagen.
648 1053 4053 1215 Nachm. auf Barappis, die nachts in d. Schamba gewesen waren,
521 1226 3988 1368 nach W auf den Namunda zu. Barrabarra bis zu einer aus dem
580 1379 3937 1537 roten Nkanga-Konglomerat gebildeten Höhe, die durch Ober„
585 1512 3937 1711 lauf des Kiliamanda vom Namunda getrennt ist. Dann
598 1684 3997 1882 links ab in sehr bergiges u. mit fürchterlichem Busch u. Gras
571 1837 4027 2034 verwachsenes Gelände. Schoß nur auf Perlhühner u. auch das
602 2040 2817 2198 in dem dichten Gezweig ohne Erfolg.
730 2183 3881 2387 13. Oct. Route bis Noto-Jumben aufgenommen. Nur beim
601 2327 3830 2522 Karani-Ndonde Unterbrechung, um auf Wild in d. schönen
566 2480 4016 2665 Revier zu fahnden. Sah nichts, auch kaum Spuren; ich fürchte
564 2629 3893 2828 v. Eckenbrecher hat bereits stark dezimiert u. das Übrige
570 2774 4039 2990 ist geflohen. Um 12 auf Noto. Es war heiß u. ich etwas müde,
579 2914 3997 3147 so daß ich zuerst Mittagsrast machte, obwohl mir d. Jumbe
607 3076 3897 3293 erzählte, seit Nacht säße ein Leopard in d. Falle u. ich
587 3248 3897 3474 d. Tier gern schneller erlöst hätte. Da Boten meldeten,
595 3403 3882 3628 er sitze noch fest, ging ich gleich nach Tisch ca ¾ Std. zu
605 3565 4059 3779 der Stelle auf einer der vorspringenden Nasen im dichtesten
619 3738 3965 3927 Busch. Nur von 2 Seiten konnte ich heran, u. da ich in d. Kopf
650 3918 3975 4055 nicht schießen wollte, hatte ich schlechte Rückenansicht. Doch saß
596 4018 3758 4245 die Kugel glücklicher als beabsichtigt, sie durchschlug das
602 4184 3785 4398 Rückgrat u. drang in d. Vordertatze ohne ein Ausschußloch
619 4352 3361 4525 zu reißen. D. Tier war fast augenblicklich tot.
741 4469 3783 4651 Schöner Blick in d. Kessel, in dem ziemlich tief eine Quelle
639 4614 3955 4805 unter dem Plateaurand hervorkommt. Deutlich die Abstürze der
