4292 5213
228 251 442 460 134
491 290 2243 559 Wendt, Auracher, Gaettens [für Songea])
627 539 3901 737 Nach den beiden klaren Tagen an Bord nahmen wir an,
498 656 3820 886 im Süden sei die Regenzeit vorüber. Doch regnets hier
521 783 2569 1074 noch täglich, meist gegen 2 Uhr.
647 985 3760 1263 Boheti mit nur wenigen Leuten nimmt uns in
556 1148 1175 1400 Empfang.
718 1252 2880 1574 5.V. Versteinerungen gepackt. Briefe.
692 1441 3681 1665 6.V. Abends Oberleutnant v. Cornatzky „weggetrunken“,
582 1614 3822 1897 dann noch bis nach 1 Uhr geknobelt. Herrliche Mondschein„
597 1784 1081 1967 abende.
495 1896 3820 2183 Sonntag d. 7.V. „Jugend“-Nummern gelesen, da sonst
551 2095 3850 2348 leider nichts zu tun. Tennis. Nach d. Abendbrot im
515 2256 3708 2507 Mondschein an d. Bucht spazieren m. Janensch u.
547 2376 1144 2592 Gaettens.
760 2499 3865 2822 8.V. Gepackt. Abends wieder das hier neuerdings
517 2673 2357 2895 beliebte Knobeln bis 12 Uhr.
732 2826 3837 3109 9.V. Aufbruch mit den wenigen bisher ein„
565 2987 3741 3279 getroffenen Leuten zum Tendaguru. Ich mag hier
542 3135 3934 3458 nicht so müßig sitzen. Regen. Fabelhaft aufgeweichter
537 3353 3909 3634 Tonboden am Kitulo, teilweise wie in Überschwem„
543 3504 3775 3781 mungsland marschiert. Komme daher nur bis
495 3666 3842 3943 Namembo. Mir fällt's allmählich auf die Seele, daß ich
578 3851 3936 4120 meine Tage daheim, wenn auch vielleicht nicht besser,
541 3995 3967 4236 doch erheblich intensiver ausnützen könnte. Nun wieder
546 4153 3929 4469 3 Tage nur um an die Arbeitsstelle zu kommen! So
508 4372 1599 4649 schön sie sind...
673 4562 3928 4911 10.V. Bei Morgengrauen ab, nochmals durch aufgeweichten
