4292 5213
329 354 403 404 18
505 481 1992 648 lose Fossilien gesehen
1569 292 2273 432 u. Löwenspur
1992 462 3804 618 . Ein aufspringendes Mbawalla
491 628 3533 840 lenkte mich ab u. gleich darauf stieß ich auf
537 829 3933 1049 Schopfperlhühner, Bekannte vom Vorjahr. Erbeutete
564 1041 3907 1252 zwei. Höchst unangenehmes Dickicht voller Stacheln
568 1240 3723 1417 u. juckender Härchen, die noch lange wie
540 1389 3955 1602 Feuer brannten. Über d. Ligoma-Weg zurück.
822 1626 3834 1794 Nachm. Poscho-Zahlung. Briefe. Bedeckt.
526 1769 3844 2023 Sonntag d. 19. Juni: Postkarte fertig gepinselt (Bild
627 1954 3787 2203 vom Graben b. Skel. S.) Postabgang. Da Janensch
584 2111 3907 2385 noch lange schrieb, hatte ich schöne Muße u. schrieb
596 2368 3660 2541 am Jesus. Wenn ich eine Szene angepackt
556 2481 3735 2752 habe geht's merkwürdig flott. Aber d. Hinein„
611 2650 3705 2931 kommen hat wieder lange gedauert. Ich
575 2837 3840 3108 habe d. Eindruck, als sei sie im Stillen gereist
594 3065 3702 3264 u. ich brauche nun nur zu pflücken; aber ich
587 3274 2011 3465 weiß nichts davon!
690 3416 3902 3678 Nachm. Schach m. Janensch. 2 Partieen verloren,
592 3591 3651 3861 war unruhig, etwa nervös? Ich will nicht!
891 3853 3821 4112 20.VI: Morgens in d. Schamben am Mtapa,
622 4029 3981 4311 wo stellenweise schon gebrannt. Gras ganz trocken
633 4224 3739 4499 aber es brennt absolut nicht, u. es macht mich
620 4424 3691 4676 ganz toll u. rasend, wenn ich diesen Zunder
635 4607 3761 4859 sehe u. mein Begleiter erklät mit ruhiger
