4292 5213
3712 230 3965 378 139
469 299 3938 539 Schulung (Autodidaktische!) u. scharfem Blick entwickelt er mir an„
463 428 4063 712 fangs gegen meinen Widerstand aus dem einzigen Bachbett
477 631 3924 888 Probleme über die Morphologie u. Hydrographie unseres Ge„
453 753 3886 1030 bietes, in dem wir Beide seit 2 Jahren, er seit 2 Tagen
468 907 3906 1228 sitzen. Schließlich gehe ich mit flatternden Fahnen zu der
514 1080 3956 1370 Theorie der Peneplaine über, da sie mir wirklich vieles
485 1258 3959 1465 in Einfachheit zu enthüllen scheint, woran ich mir bisher
514 1411 3863 1725 ohne sichtlichen Erfolg den Kopf zerbrochen habe. Freilich
543 1556 3768 1868 bin ich 2 Jahre ausgeschaltet gewesen, aber die Lehre ist
539 1750 3801 2045 älter u. ich habe von ihr nicht Notiz genommen. Auch
514 1900 3748 2170 die Mehrzahl der andern Geologen nicht, aber wem
561 2102 2440 2396 gälte das als Entschuldigung?
835 2302 3980 2526 Staff ist ½ Jahr jünger als ich, hat 4 Semester auf Jura
555 2388 3872 2712 verwenden müssen, war in Mexiko, kam nach mir
524 2596 3855 2879 an unser Institut, beschäftigt sich mindestens so viel„
497 2792 3958 3053 seitig, wie ich es mir einbilde, ist geübter Alpinist, hat in
494 2906 3982 3142 Allem ein fabelhaftes Gedächtnis u. alles stets zu sieg„
517 3083 4016 3377 reicher Debatte zur Hand, ist bereits verheiratet, Dozent,
529 3264 4029 3554 hat weit mehr u. besseres als ich veröffentlicht, ich komme
541 3434 3836 3709 mir wieder einmal so dumm, so klein vor.
511 3646 4050 3850 Und darf ich ihm gleich freiwillig den Vortritt lassen?
464 3771 3693 4038 Selbst gegen meine Einsicht von seiner Tüchtigkeit
512 4023 4035 4206 1000 mal nein! Übrigens ist er mir keineswegs restlos
488 4155 3913 4393 sympathisch, unsere Temperamente stimmen nicht recht
457 4296 3797 4573 überein, aber da ist meine Sympathie auf seiner
444 4484 4034 4740 Seite gegen meine Ruhe. Jedoch hat er viel Einbildungs„
432 4604 3722 4905 dünkel, der mir in Lindi fast auf die Nerven fiel.
