4293 5213
3765 165 3997 388 125
414 232 3840 489 gebiet. Südlicher sollte eine baumleere Sumpffläche Makomba
409 417 3834 683 liegen, hoffte dort auf Wild, konnte aber nicht hingelangen.
437 562 3943 803 Gras sehr hinderlich, ein Riedbock setzte davon, war aber nur
466 727 2037 978 während d. Sprunges sichtbar.
588 839 3880 1129 18. Apr: Über d. Kissuka-Bach durch Grasebene (ohne Wild) ¾ Std. bis zu
459 1064 3825 1268 einem Jumben (trug wegen des Taus d. Regenmantel, aber es drang
499 1177 3599 1374 doch durch), bald danach ein weiterer anscheinend in
494 1336 3857 1612 Einzelsiedelungen, über den Msua, aber auch sonst durch
494 1534 3781 1682 Wasser. Von d. sumpfigen Flächen aus sah man östlich eine
493 1657 3932 1874 langgestreckte Erhebung, genannt Mátuli, es erwies sich, daß
484 1764 4022 1988 es der Beginn der braunen Sandsteine war, die also hier wie
483 1904 3859 2171 beim Fungafunga mit Plateaurand (Verwerfung?) absetzen.
480 2058 3955 2297 Nicht hinauf, sondern rechts ab abermals über, nein jetzt wirklich durch
488 2189 3770 2463 den metertiefen Msua, bis zur großen Bagamoyo-Straße, auf
484 2400 4004 2627 dieser nach Kissemo. Am Wege einmal brauner Sandstein oben
515 2487 3983 2832 mit glänzender schwarzer Schicht überzogen, wie es Janensch im
481 2679 3919 2950 Karroo der Pangani-Fälle im Großen gesehen hat; auch hier
521 2811 3746 3144 Tätigkeit des fließenden Wassers, es schien mir auf d. Weg
497 3028 3987 3286 beschränkt, doch sieht man ja im Grase nicht. An d. Grenze von
498 3201 3966 3438 Kissemo macht d. Barrabarra eine niedrige Stufe, ist sogar ein
511 3412 3928 3648 wenig in diese eingeschnitten u. da war es auffällig, daß
521 3513 3888 3730 nicht wie bisher überall die braunen Sandsteine zum Vorschein
510 3714 3854 3940 kamen, sondern nur Sand u. Kiese. Darunter lag Ton, so daß
500 3823 2946 4129 ich anfangs eine Verwerfung vermutete.
701 3974 3745 4231 Kissemo ist eine wannenförmige, zur Zeit sehr sumpfige
520 4121 3956 4391 Erweiterung des Kulambili-Tales in diesem Ton. Der Akide hat
528 4294 3937 4478 ein Gehöft am rechten Ufer, so daß wir durch den Dr... hindurch„
514 4490 3976 4685 mußten. Abends natürlich viel Mücken, so daß keiner von den
487 4569 3951 4755 Leuten schlafen konnte. Sonst aber hübsches Plätzchen unter Kaut„
487 4754 3857 4959 schuk-Bäumchen mit Blick auf weite grüne Flächen u. Wälder im
