4292 5213
272 329 397 383 48
560 366 3760 530 Weg am Morgen im Mbenkuru-Tal durch „mein
575 525 3832 719 Jagdparadies“. Spuren von Wasserböcken, Büffel,
563 706 3788 887 Nilpferd, Elephant. Aber nur 2 Ngorombwe's gesehen,
535 875 3743 1076 die mein allzu eifriger Begleiter verscheuchte, u.
587 1034 3830 1242 ein Warzenschwein verfehlt. Auf d. Plateaurand
557 1190 3923 1400 über Lilombo zurück. In Kindope recht schlapp, mußte
609 1424 3895 1535 aber auch hier wieder neue Stellen in Augen„
587 1592 1593 1769 schein nehmen.
776 1684 3775 1907 Janensch meldet Hinterhaupt in Mtapaia.
796 1863 3671 2138 29. Sept. Wieder in Kindope. Allenthalben
683 2014 3545 2303 gute Funde. Wir fördern mehr als wir
699 2182 3851 2463 verpacken können. Nahe Skelett L entwickelt
687 2377 3807 2630 sich auch schon wieder eine riesige Form, des„
716 2547 3707 2805 gl. in Kindope bei dem Schädel u. zw. A u. C.
793 2767 2723 2970 Und immer neue Stellen!
884 2888 3682 3180 30. Sept. Südring. Janensch mittags zurück
808 3074 3789 3361 Lohn. u. Poscho-Zahlung mit d. üblichen anschließen„
809 3244 3702 3536 den tagelangen Schauris: Wechseln, auf Sparkasse
799 3389 3807 3685 legen, pumpen u. was dergl. Scherze mehr sind.
992 3644 2388 3863 1. Octob. Post erledigt
923 3740 3804 4071 Sonntag d. 2. Oct. Schwankte gestern zw. Ruhetag
851 3974 3815 4232 u. Jagd, die shauris machen mich flüchten. Recht
857 4242 2438 4412 früh über Kindope, wo
2296 4146 2598 4225 auf
2438 4158 3749 4311 ein Schwein geschossen,
864 4383 3727 4586 in's Mbenkuru-Tal rechts des Lilombo. Wasser„
860 4534 3819 4761 böcke heut nicht erschienen, werde daher wie„
