4292 5214
3809 241 3997 412 113
351 248 3779 500 Stelle des weiten Waldes nördl. v. Lager getreten ist. Rege
340 392 3803 682 Arbeit, Sattler scheint im Begriff, hier eine Handelszentrale
349 561 3830 855 des Landes u. Niederlassung d. D. O. A. G. zu gründen. Inte„
344 711 3919 1031 ressante Einblicke. D. O. A. G. u. O. A. E. G. stehen im Begriffe
371 920 3830 1212 eine Landverwertungsgesellschaft zu bilden, bei der
398 1080 3667 1373 Sattler eine gute Stellung erwartete. Er weist aber
372 1226 3760 1532 m. Recht selbst auf d. bösen Beispiele in Südwest hin.
355 1416 3767 1718 Hier hätte nun freilich die O. A. E. G. die Wertsteigerung
403 1567 2214 1837 durch eigene Arbeit bewirkt.
590 1791 3810 2039 16.III. Morgens auf Aussichtspunkt. Gelesen, ein unglaubliches
451 1964 3888 2224 Buch: Memoiren der Schwester Friedrichs des Großen. Pfui diese
431 2147 3944 2374 Führer des Volks! Bei keinem Negerhäuptling kann's „schensi“-
447 2347 4019 2548 mäßiger zugehen: Ferner Frobenius: „D. schwarze Dekameron“.
522 2464 2891 2751 17.III. Vorm. Schamba besichtigt. Gelesen.
487 2655 4034 2914 18.III. Jörn Uhl wieder begonnen. Abds 4h m. Hrn. Hausmann
433 2807 3980 3022 1½ Std. nach Westen auf Jagdlager gezogen. Unterwegs etwas Regen.
479 3023 3880 3264 Sonntag d. 19.III: Auf Jagd, ich nördl., Hr. Hausmann westlich,
441 3151 3935 3447 beide fast nichts gesehen u. ohne Erfolg. Aber herrlicher Aus„
455 3348 3856 3622 flug: ständig nur kniehohes, nicht sehr dichtes Gras, prächtiger
463 3535 3670 3770 lichter Wald mit ziemlich hochstämmigen Bäumen,
446 3626 3833 3882 wechselnde Durchblicke auf Gneißberge aller Formen
466 3810 3585 4079 u. meilenweit mit d. Wild allein in dieser
407 4000 3025 4286 Schöpfungspracht. Bleiben noch eine Nacht.
684 4195 3945 4478 Nachm. Gemeinsame Streife, wieder ohne jeden Erfolg,
448 4367 2987 4650 tüchtig eingeregnet. Abd. Scheibenschießen.
