4293 5213
3883 271 4015 383 39
515 392 3842 449 22. Aug: Bei S offenbar ein nicht schlecht erhaltener Unter„
555 495 3937 638 kiefer-Ast mit großer Zahnwurzel. Weitere Präparatio„
569 656 3987 814 nen verbieten sich leider aus Gründen der Sicherheit,
589 819 4047 979 sodaß wir unsrer Ungeduld Zügel anlegen müssen.
588 957 4021 1108 Außerdem höchstwahrscheinlich auch Teile vom Stegosaurier,
600 1111 3911 1281 der uns jetzt allenthalben verfolgt. Abend Rundgang
635 1267 3315 1437 mit Janensch zu mehreren Gräben im S.
548 1461 3945 1639 23. Aug: An einem Wangoni-Graben ein vom Löwen
636 1608 3697 1804 heut früh geschlagenes u. nur halb aufgefressenes
610 1768 3832 1970 Schwein gefunden; gestattete ihnen mit Tyrannen-
668 1917 3819 2120 Willkür nur ein Bein abzuschneiden, um mit
656 2070 3903 2250 dem Reste den Löwen zu ködern. An d. betr. Stelle
635 2199 3881 2422 legten wir die Beute wieder nieder u. bauten
668 2364 4027 2560 eine Hütte von Gras u. Laub herum, in d. schmale
688 2504 3997 2715 Tür die Falle. Die Wangoni haben grade die Teile
678 2650 3937 2854 mitgenommen in denen der Löwe gewühlt hat.
811 2837 3419 3022 Abend mit Janensch die Falle besichtigt.
694 2962 3865 3181 24. Aug: Der Löwe ist dagewesen, hat die Hütte
668 3130 3915 3365 eingeschlagen u. d. Braten fortgeschleppt. Der Anker
703 3310 3955 3530 der Falle ist hineingeraten, sodaß sie zu geklappt
699 3513 3879 3688 war. Die Wangoni gingen abermals nach, aber er„
686 3677 3983 3866 hielten nun nur kümmerliche Reste des gemein„
568 3807 3729 4042 samen Mahls. Dennoch glaube ich, daß mein
698 3970 3793 4192 Bedauern über die uns entgangene Beute
671 4191 1738 4336 noch größer ist.
808 4284 4039 4469 Ich früh nach Mtapaia. Bei Liwengwe neue Knochen„
577 4470 4035 4664 stelle besichtigt. Im Pori ein Schwein schwer angeschossen.
605 4673 4027 4780 Der Blutspur gefolgt, die anfangs außerordentlich reichlich,
