4292 5213
273 229 576 383 152
515 256 3814 573 einmal kennen zu lernen recht interessant. Mir fiel auf,
488 497 3952 740 daß ausnahmsweise fast keine Stacheln vorkamen, nur eine Lianen„
505 630 3824 845 art hatte dornige Fortsätze; die Kautschukliane zu unterscheiden gelang
494 759 3844 966 mir nicht (außer an der Bearbeitung), aber Individuen aus diesem
492 922 3847 1091 Geflecht herauszuschälen ist überhaupt schwer. Es ist wie eine große
486 1016 3590 1290 Symbiose, nur daß einer den andern zu ersticken droht.
689 1113 3787 1445 Zwischen zwei niedrigen aus Sand bestehenden Plateaustücken
495 1295 3846 1589 führte ein Paß zum Nampororo nieder, der bemerkenswerter„
458 1526 3918 1705 weise zum Ruawa entwässern soll. Vor dem Abstieg ein sandiger
499 1621 4039 1909 Hang mit niederem Gras , da bewölkt (zum Glück in diesem Labyrinth)
509 1807 3840 2027 machte ich Tuiskonen-„Waldpenne“. Endlich ein Blick über das Land
518 2003 3944 2208 nach N u. O; freilich wenig unterscheidbares Hügelgelände, doch war
531 2165 3882 2370 außer einem der vom Tendaguru zu sehenden Inselbergen auch die
516 2320 3980 2499 Landmarke des Nandanga schwach sichtbar, ein Anhaltspunkt zum Peilen.
507 2426 3963 2684 Dann tauchten wir wieder im Busch unter. Selbst in d. kümmerlichen
501 2555 3782 2800 Feldern am Nampororo fand ich kein Plätzchen, auch nur mein Zelt
518 2685 3971 2965 ohne Roden aufzustellen. Wir waren reichlich genug gegangen (vielleicht
521 2832 3914 3098 nicht der Luftlinie nach!) und an der Wasserstelle, wo ich
524 2991 3920 3261 durch Boten in d. letzten Tagen mit Janensch ein Rendez-vous ver„
541 3144 3938 3403 abredet hatte, wohnten keine Leute. Es gingen 2 Mann zum benach„
525 3369 3948 3571 barten Namguiche u. brachten auch abends die Meldung, Janensch
517 3454 3784 3754 sei von Mchuya dort eingetroffen. Hier höchst ungemütlich in
526 3600 3930 3903 der dem Auge nichts bietenden, den Fuß fesselnden Buschumklam„
526 3753 3920 4063 merung. Dazu abends u. nachts empfindlich kalt. Daß die Leute
572 3910 3828 4225 in ihrer dürftigen Kleidung das - wenn auch mit einigen
526 4059 3913 4339 Erkältungen - ertragen, beschämt mich fast als Europäer. Ich
568 4277 3978 4483 legte die Pellerine nicht an, nach der ich einiges Verlangen
550 4495 841 4682 trug.
725 4563 3950 4813 18.VII. Um 4 aufgestanden, im Mondschein durch den Busch, obwohl
