4292 5214
3816 289 3897 339 7
521 374 3901 514 14 Mai. Janensch nach Mtapaia, wiederum ohne Erfolg. Mein Haus
527 522 3849 687 fertig gestellt, wir ziehen in's neue schöne Lager hinauf.
648 704 3896 845 Europa-Post; unter anderm Brief einer jungen Lehrerin, mit
520 852 3852 989 der ich einst ein Ehepaar schauspielerte. Ziemlich unverblümte
512 1049 4033 1132 Liebeserklärung; ich finde das keineswegs unziemlich, sondern
523 1138 3934 1307 gesund, zumal geschickt u. launig abgefaßt. Aber erwidern
517 1279 3958 1474 kann ich es nicht, aus Mitleid darf man nicht heiraten.
557 1438 3732 1643 Im Übrigen glaube ich sogar fast, daß ich auch mit ihr
517 1597 3881 1810 sehr wohl leben könnte, wie ich mich überhaupt leicht
530 1772 4015 1961 in jede Lage füge. Aber ich wünsche mich selbst leiden„
513 1965 1881 2121 schaftlich zu verlieben.
712 2151 1546 2286 Poschozahlung.
514 2382 3806 2543 Pfingst-Sonntag, d. 15. Mai: Vorm. Jagdausflug in die
551 2564 3748 2750 Maimbwi-Gegend, nichts gesehen. Brief an Mama
531 2692 3391 2901 begonnen in meinem Prunk-Arbeitsraum.
699 2884 3859 3094 Es werden Knochen vom Nordwestfuß des Likonde-
557 3042 3721 3258 Plateaus gemeldet u. gebracht. Sehr wichtig u. f. d.
574 3222 3729 3438 Dinosaurier-Natur des v. Bornhardt gefundenen
579 3413 2573 3604 Bruchstücks endgiltig beweisend.
696 3571 3805 3777 Gemalt. Schach m. Janensch, leider nur Nachspiel
628 3715 3831 3966 einer Meisterpartie aus d. Zeitung. Er liebt das sehr u.
636 3891 3823 4123 es scheint mir ein Zug seiner zuweilen erkenn„
610 4036 3795 4318 baren Unselbstständigkeit; ich schätze das Nachbeten
613 4241 3911 4469 garnicht, finde mich dadurch nicht einmal belehrt.
723 4504 1723 4665 Abends bewölkt.
