4292 5213
299 274 558 385 100
490 327 3752 513 Krieks als Rückstand einstiger Meeresüberflutung?
527 489 3845 673 Am Eintritt zur Pforte fand ich zu meiner Überraschung
547 670 3731 836 statt des bisher beobachteten Kreide-Gesteins tertiären
523 835 3823 996 Korallenkalk, anscheinend obendrein Eocän. Über niedrige
567 997 3809 1162 Schwelle aus Sand u. dem ca 12 m. tief eingeschnittenen,
579 1179 3785 1313 überraschenderweise trockenen Mambi-Abfluß auf rote
577 1349 3805 1474 Anhöhe, die dem linken Talrand anlehnte. Beim Jumben
608 1524 3690 1662 etwas gerastet. Beim Weitermarsch noch mehrfach über
538 1677 3774 1818 die roten Hügel, deren Kern weiße Nummulitengesteine
556 1835 3749 1988 bildeten u. denen sich die Schwellensande scharf abge„
548 1978 3882 2139 setzt als Terasse anlegten. Keine einmalige Querriegel,
562 2133 3844 2284 sondern breites tertiäres Kalkgebirge, vom Entwässerungs„
599 2293 3817 2432 tal des Mambi in langem schluchtartigen, stark bebauten
604 2465 3545 2611 Tal durchschnitten. Am Ende einer beträchtlichen
553 2624 3704 2769 Erweiterung abermals eng zusammentretende Ufer,
596 2810 3707 2936 wie geschaffen für Talsperre u. das absolut flache zum
577 2965 3790 3086 Ssudi-Kriek abfallende Gelände davor für Baumwollen-
607 3111 3791 3240 Felder und elektrisches Bähnchen. Jetzt unaufhörliche, un„
539 3269 3693 3430 übersehbare Eingeborenen-Schamben tadellos sauber
558 3465 1130 3592 gehalten,
977 3423 1159 3491 u.
1130 3431 3798 3577 gut stehend mit mannigfachsten Feldfrüchten. Noch
573 3591 3702 3752 vor angeblich 8 Jahren wäre hier meist Makonde-Busch
576 3747 3797 3897 gewesen. Die Arbeit der Wamaraba wäre dann um so
564 3915 1337 4048 erstaunlicher.
734 4017 3869 4193 Hier ausgezeichnete Straße, bei unmerklichem Gefälle
567 4184 3693 4364 im schnellem Tempo bis Lubobe, an ca 11h vorm., Träger um 1.
556 4404 3877 4540 Großes Dorf, ringsum nichts als Felder, aber nicht alle meine
579 4603 2272 4721 Leute konnten Essen erhalten!
