4292 5213
3753 222 3980 389 149
453 251 4047 550 die jungen gelbrötlichen Lipogiro-Sande auch hier überall unmittel„
461 445 2646 697 bar darauf, also mit abgesunken???
653 596 3748 840 Abends auf rechtem Mbenkuru-Ufer gejagt, einen
470 744 3943 943 schönen Wasserbock schwer angeschossen, der dann in das fürch„
459 881 3808 1073 terliche Elephantengras abging, wohin ich ihm folgte. Mußte aber
468 1023 3839 1287 nach Sonnenuntergang abstehen, zumal es auch Büffel zu geben
517 1208 3800 1452 schien, denen ich in diesem Speergewirr nicht zu begegnen
512 1312 3791 1517 wünschte. Dabei war das Feuer bereits eingedrungen!
762 1478 3815 1680 15.VII. Früh auf d. Marsche d. Knochenfunde besichtigt,
524 1643 3761 1855 wenig berühmt, aber als Vorkommen interessant. Ein
474 1844 4060 2014 Stück auf d. Wege der Safari 1909 über Kikundi u. Mikonyera,
496 1966 4000 2200 die fast nach W (!!!) fließen in den Rest des alten großen Sees
500 2140 3904 2378 Makangaga, der vom Mbenkuru angeblich nicht mehr be„
557 2312 3924 2547 rührt wird. Zu sehen ist ja absolut nichts. Übrigens erin„
505 2484 3877 2703 nerten sich gestern einige hier Ansässige des Erdbebens
492 2723 3780 2860 vom 13. Dez. 1910, das am Abend u. zwar „saa mzima“
2897 2627 3519 2749 = volle Stunde
3729 2680 3964 2823 ver„
513 2844 4017 3093 spürt worden sei, interessant mit Hinblick auf den vermute„
496 2991 3747 3260 ten Einbruch. Von früheren wollten sie freilich nichts
500 3165 963 3415 wissen.
757 3271 3908 3466 Am Pindiro auf rechtem Ufer aufwärts gezogen, nachdem ich
548 3437 3808 3703 endlich einen Weg u. einen Ansässigen aufgetrieben hatte.
528 3603 3825 3817 Denn dieser Ort ist schon wieder aufgegeben u. enthält
511 3750 3857 3942 bereits wieder greuliches Pori. Etwas gelbe Papierschiefer
522 3907 3844 4108 am Wege aufgelesen, wohl zu den gefalteten gehörig,
528 4057 1837 4325 aber auch ohne Fossilien.
695 4208 3934 4493 Zwischen Kihimbwi u. Pindiro, die beide fließendes Wasser führen,
568 4413 3945 4600 aufwärts durch Schamben, dann nach links zur Barrabarra ab„
540 4523 3880 4783 biegend. Nirgends gebrannt, wenig zu sehen, aber in einem
499 4671 3948 4957 kl. Tälchen fand ich erstaunt auf einem Hange eine weiße Wand
