4292 5213
3981 216 4039 328 89
684 271 3950 420 Stegosaurier-Phalangen aus Graben X geborgen, da kräftiger
517 414 3727 592 Regen vom W durch S nach O nahe vorbeizog u. auch uns
637 580 4091 741 zeitweilig bedrohte. Nachm. Regen im N, nach W weiterziehend.
782 793 3986 937 21. Dez. Um doch Hrn. Schultze zum Barappi-Braten zu verhelfen,
562 944 3969 1104 morgens in d. Forst zwischen Mahimbwi u. Namunda, wo wir dies
558 1110 4012 1293 Jahr unverantwortlich selten waren. Fand bald eine Einzelspur
512 1290 3814 1444 u. folgte lange all ihren Krümmungen u. Schlingen, die
505 1425 4057 1590 sorgfältig unbequeme Wege, Wasserrisse u. s. w. vermieden, schließ„
525 1575 4065 1749 lich aber doch in d. alte Standquartier der Tiere führten. Hier
539 1709 3919 1883 viele frische Spuren, so daß keine Richtung als die letzte er„
519 1857 3951 2030 kannt werden konnte. Ich folgte wieder Einzelspuren bis in
507 2015 3893 2182 d. Beginn des hügligen Geländes, wohin das Feuer kaum
489 2125 3919 2319 gedrungen ist. Nahe dem Rande des Grases sah ich denn auch
513 2281 3921 2461 plötzlich, als ich eine Anhöhe erstieg, von d. andern Seite ein
514 2446 3886 2610 Gehörn auftauchen, riß d. Gewehr hoch u. rührte mich nicht. Jetzt
505 2591 4083 2786 stand das Tier da, aber d. vielen Bäumchen u. Zweige verdeckten
488 2724 3957 2911 d. Blatt beim Schreiten. Endlich - ich fürchtete jeden Augenblick,
515 2874 3955 3047 es müsse mich sehen u. abgehen, - kam ich zu Schuß. Ein Sprung,
531 3044 3925 3200 wenige Schritte auf d. Höhe, hinterdrein plötzlich eine ganze
542 3196 3901 3360 Herde sehr junger Tiere. Alle blieben ganz nahe stehen u.
517 3364 4080 3529 sahen uns an, konnten uns aber offenbar nicht erkennen,
522 3519 4025 3680 da wir uns nicht rührten. Ich schoß wieder, abermals einige
579 3690 4026 3834 Schritte noch näher heran, die andern blieben stehen. Wieder
535 3844 3784 4001 war d. Tier verdeckt, wieder schoß ich, da ging die
486 4017 4079 4163 Herde ab - und noch einmal, da wollte mein Opfer
479 4139 3771 4314 davon, taumelte u. fiel. Alle 4 Schüsse saßen vor„
531 4274 3763 4479 trefflich im Blatt! Das macht zur Büffeljagd wenig
543 4446 3957 4654 Courage, wenn die Wirkung nicht besser ist. Sah die Herde
523 4617 3920 4802 noch einmal garnicht weit im Gras, kehrte aber um, als
492 4761 3779 4942 sie abging, weil es lauter Junge waren. ½ 10 im Lager;
