4292 5213
3885 261 3987 386 91
443 321 3806 459 in diese 60 m. hohen Massen durch ein verhältnismäßig schwaches
462 497 4018 629 Tor ein. Auffallend auch, daß fast gleicher Steilabfall nach W. statthat.
424 651 4019 786 Einbruchskessel? Aufgabe der nächsten Tage, die meine Route abermals
451 802 4045 947 ändert. Mittags den ersten Regen dieser Safari, u. schwach.
576 985 3956 1146 16.I. Träger nach Matapua direkt. Ich über Ukulinga zum Vergleich des
455 1159 3883 1315 Profils nach Mitumbati-Matarawe. Gras sehr hoch u. Abkürzungs„
488 1306 3951 1484 wege nirgends vorhanden, selbst die Barrabarras verwachsen.
519 1457 3823 1630 Mußte erst 2 mal üb. d Mtarika. Beim Aufstieg zwei ge„
494 1610 3657 1810 trennte Schichten Oolith, die Bornhardt's Verwerfung bei
476 1795 3978 1987 Matarawe überflüssig machen. Ein Stück am r. Mbenkuru-Ufer
515 1973 3796 2139 abwärts, dann d. Matarawe aufwärts. Blick auf Mtungo u.
509 2134 3818 2292 Kitumbini-Sporn, die ich gern auch besucht hätte, aber angesichts
529 2295 3887 2445 der Sammlungen Janensch's u. unserer Leute fahren lassen
524 2442 3929 2614 darf. Barrabarra nach Matampua. Bornhardt hatte Besuch des
524 2621 3975 2785 südl. seiner Route liegenden Mbambala-Berges empfohlen,
515 2784 3975 2943 mir war allseitig, auch vom hiesigen Jumben gesagt worden, er
570 2911 3845 3071 bleibe nördl. der Barrabarra u. sei unzugänglich. Ich
563 3050 3785 3223 bin überzeugt, daß d. Barrabarra über seine Höhe
564 3201 3719 3363 hinführt, seitliche Ausblicke giebt's freilich nicht. In
555 3368 3982 3540 Matapua gleich nach meinem Eintreffen Regen. Eine Weiber-
570 3547 3943 3717 ngoma in d. Nähe zur Feier einer Schwangerschaft (Wandonde)
570 3710 3980 3869 Wäre gern hingegangen, aber bis Apparat zur Stelle, war sie
593 3891 3983 4034 vorbei. Sah hier die erste Borassus-Palme im Süden, nur
577 4042 3834 4209 ein Exemplar, daher etwas rätselhaft. Jumbe Sefu Matiri
595 4224 3985 4361 vor ½ Jahr nach 6-jähriger Gefangenschaft zurückgekehrt. Er erzählte
600 4381 3997 4527 mir, er hätte einem Gelübde zufolge nie Alkohol getrunken, bis Bornhardt
547 4551 3933 4672 (den er nizuri sana nannte u. der nach ihm hier 3 Tage geblieben
570 4666 3743 4796 wäre) ihm einen Kognak aufgedrängt habe. Da habe er wieder
560 4798 3939 4919 Gefallen gefunden u. im Rausch Worte gesagt, die ihm zur Aufstandszeit
