4292 5213
262 245 461 423 116
408 221 3920 520 Traf am Wege wieder eine Kongoni-Herde u. schoß 1 Tier
470 415 3944 696 an, dem  wir 2 Std. ohne noch etwas zu sehen, folgten.
482 566 3912 789 Streckenweis am Masirafu entlang, wo zahllose Wild„
459 747 3859 1013 pfade, Spuren von Schweinen, Antilopen, Zebras,
494 915 3686 1188 Nashorn, aber zu sehen nichts. Gegen 11  am
499 1046 3999 1302 Lagerplatz unter dem Makurunge-Berg eingetroffen.
469 1294 3895 1494 Bald danach die ersten Träger, die am Wege, wo
480 1368 3824 1670 ich eben gegangen war, eine große Gnu-Herde
488 1517 3849 1815 meldeten. Brach sofort auf u. sah nach 20 Min.
501 1750 3797 1949 die Tiere mit d. Schwänzen wedeln, schlich mich in
525 1828 3890 2091 dem ziemlich offenen Gelände heran, glaubte ein„
517 1993 3945 2211 mal Kongonis vor mir zu haben, da ein Tier ganz
500 2148 3792 2454 braun schien, erkannte aber schließlich Zebras. So
478 2328 3909 2644 sehr ich mich freute, sie endlich zu sehen, um so pein„
519 2469 4030 2736 licher war mir's die schönen Tiere der Leute halber
463 2686 3958 2962 (obendrein ohne Erlaubnisschein) schießen zu müssen.
502 2850 3974 3062 Noch am Morgen, als einer der Jäger bei mir war,
502 2998 3955 3278 hatte ich ihn instruiert, daß Giraffen oder Zebras nur
511 3177 3825 3466 er schießen solle. Der erste Schuß schien getroffen zu
508 3395 3809 3613 haben, ich konnte aber nicht erkennen, ob d. Tier
515 3499 3850 3797 wieder hochgekommen war. Die Herde blieb. Ich
522 3655 3672 3970 schoß noch öfters u. sah schließlich wieder eins
554 3852 3968 4123 stürzen. Nun ging ich heran, die 4 übrigen galop„
575 3988 3875 4305 pierten erst im letzten Augenblick ab. 2 lagen
558 4155 3881 4373 tot. Der häßliche Schächtschnitt in dem schönem Hals,
553 4328 3099 4633 über den sich schon Stanley ärgerte!
734 4552 3819 4783 Abend ½ Std. nordwärts weiter gegangen, wo
567 4648 3976 4952 an lichter Stelle das Nguru-Gebirge gut zu sehen. Herr„
