4292 5213
251 251 401 334 56
376 250 3926 429 wo die Breccie abermals in gleicher Höhe anstand („110-120 m“ um
419 425 3921 565 715h, Nambawalla: „100-110 m“ um 830h, Nemba „130 m“ um 6h) bei
397 538 3877 735 Normal: 762 mm.) Da am Namunda-Namgura unter jenem roten
391 693 3883 908 Konglomerat sofort die „Tendag.-Stufe“ zu folgen scheint, wäre
423 846 3713 1069 ein Vergleich wichtig. (Höhe d. Nemba: „170“, d. Tendag. „160 m“)
419 1007 3802 1233 Am W-Fuß des Nemba fand ich auch in ziemlich hoher Lage ein
403 1130 3681 1373 Stück Kieselholz, nebst dichtem, quarzitischem, weißen Sandstein.
414 1268 3884 1543 In d. roten Konglomerat auffallenderweise ein gerundetes Geröll
412 1408 3908 1686 von Newala-Sandstein, dem höheren Horizont, wie ich meinte?
428 1559 3766 1806 Der Weg führte im ganzen nach W, stets die von links u. rechts
473 1734 3851 1952 hereinschneidenden Erosionsbuchten auf der Wasserscheide umgehend.
455 1880 3888 2151 Ein gleich großer, von links heraufkommender Weg führte dann
507 2057 3662 2316 die Route nach NW. Hier lagen weiße Brocken eines feinen
487 2228 3877 2452 Sandsteins oberflächlich, wohl eine Schicht aus dem Makonde-Schichten-
494 2401 3744 2602 Verbande. Der ganze Westteil des Rückens mit sehr zerstreut
471 2590 3704 2757 liegenden Hütten heißt Mikonge (nicht Mkonga). Hübsches Bild
475 2735 3732 2929 einer ruhig in nahen belaubten Baumkronen sitzen bleibenden
440 2879 3770 3080 Schar Meerkatzen. Am W-Ende Hütten mit Mango's, prächtiger
444 3049 3684 3248 Blick in d. weiten oberen Kessel, gezeichnet. Steil hinab
484 3209 3740 3375 zum Jumben in Namgaru. Von d. Kohlenfunden nirgends die
524 3360 3782 3551 geringste Nachricht. Man behauptete, sie seien Wamachinga u. beim
538 3525 3771 3722 Aufstand in das vorher von Wamuëra besetzte Tal hineingekom„
540 3656 3742 3858 men; dem steht gegenüber, daß schon die ältere Karte Wama-
523 3881 1470 4007 chinga verzeichnet.
758 3962 3774 4159 Über den Namgaru zum Likonde hinauf, ca 240 m. (90-330)
545 4137 3837 4291 Vom Flusse an u. im Bett selbst große Blöcke löchrig zerfressenen Ge„
538 4254 3768 4390 steins, beim Anschlagen erstaunt, nicht Kalk, sondern Newala-
476 4392 3737 4568 Sandstein zu finden. Es verfolgte mich denn auch bis zum An„
495 4523 3834 4721 stehenden dicht unter der Höhe, wo einzelne gewaltige Felsen
498 4681 3786 4845 malerisch hervorsprangen. Zwischen gewaltigen Blöcken zwängte
