4292 5213
3779 185 4006 350 153
453 274 3926 483 nachts ein Löwe gehört worden war, nach Namguiche. Auch dies
460 434 4108 639 eine sehr hübsche Erinnerung. Traf Janensch nach 1-stündigem kräftigen
418 530 1858 797 Marsch noch beim Frühstück.
689 664 4058 861 Vorm. da von Knochensuchen keine Rede sein konnte, gemeinsame Pürsche
483 817 4024 1032 in einem benachbarten sehr lichten u. vorzüglich durchgebrannten Walde,
466 1024 3921 1222 für Jagd fast zu frei, aber eine Erlösung nach all dem Busch.
461 1109 2767 1380 Wenig Spuren, schoß ein Warzenschwein.
609 1268 3704 1535 Nachm. kamen 2 von Janensch zum Brennen Abgesandte von
513 1482 4058 1656 Narungombe zurück, die gestern nicht mehr hatten kommen können:
473 1581 3901 1777 Ein Büffel, der seit längerer Zeit das Land unsicher macht u.
492 1687 3871 1911 bereits 2 Mann getötet hat, jagte auch sie u. belagerte sie
558 1796 4027 2055 von 2-5 auf einem Baum, so daß sie in löwenreicher Gegend
558 1938 4109 2187 im Dunkeln Häuser zum Übernachten aufsuchen mußten. Hätten
549 2104 4090 2355 wir das früh gewußt! So mußten wir von dem reizvollen
521 2282 2820 2540 Kampf m. d. Drachen Abstand nehmen.
799 2437 3935 2666 19.VII. Wieder ein Abschied von Janensch, der für Afrika
535 2605 3883 2831 leicht endgiltig sein könnte. Wieder durch Busch, dann durch
594 2724 3966 3000 hohes Gras nach Kihendye, einzelnes Haus eines Jumben-
529 2848 3988 3175 Vertreters. Tüchtig gebrannt, nachm. auf Jagd ohne Erfolg bis auf
538 3023 3887 3349 Einblick in d. geolog. Lage. Meine Fundi's brachten vom
562 3228 2828 3455 Fuß d. Mbambala Trig. Bornhardti
2118 3345 2719 3539 schwarzi
2785 3187 3961 3444 mit, höchst erwünschte
545 3392 1074 3644 Auskunft.
797 3488 3862 3770 20.VII. Wieder nur kurzer Marsch bis Mawudyi, da ich d.
560 3747 3945 3925 Fossilfundpunkt gestern hatte freibrennen lassen u. besuchen
546 3794 3966 4129 wollte. Sehr wichtiger Aufschluß, durch den Bornhardt-Müllers
531 3999 3892 4291 gesuchter Jura mindestens arg zusammenschrumpft. Außerdem
515 4158 3794 4471 guter Überblick über den alten, jetzt von jungen Gewässern
523 4347 3888 4579 zerlegten u. angezapften Ausräumungskessel. Dann am Wege
500 4482 3906 4708 bis zur Höhe des Mbambala aufwärts, wo New.-Sdst. anstehen,
486 4699 4081 4900 die schon Bornhardt sah u. die für d. Absinken der Kreideplateaus
