4292 5213
264 286 410 349 62
476 289 3905 431 Sonntag 6. Nov: Ruhetag gemacht, aquarelliert, Briefe geschrie„
574 433 3872 603 ben. Ständig bewölkt, mittags auch ganz hübscher Regen,
510 590 3723 757 vor allem aber im Osten. Man konnte den ganzen Tag
549 716 2289 862 ohne Hut vor's Haus treten.
791 759 3629 936 Mein Ohr gefällt mir seit einigen Tagen nicht; starke Exkretion.
718 858 3873 1072 7. Nov: Kindope-Gräben. Es hat hier gestern stärker ge„
579 1021 3845 1217 regnet. Viel selbst mit gebuddelt, da gänzlich bewölkt
572 1161 3613 1373 u. nur beim Laufen schwül. Erst um ½ 2 zu Haus.
718 1315 3770 1506 Abends m. Janensch auf Tendaguru-Gipfel begonnen die
558 1459 3298 1658 Basis für d. trigonometr. Messungen abzumessen.
967 1504 3897 1717 J. heut u. schon neulich d. Dornranken blühend gesehen, die heut vor 1 Jahre auch blühten.
695 1618 3854 1826 8. Nov. Kindope. Gezeichnet u. s. w. Bewölkt. Schöne Tage
561 1773 3677 1986 für eine Safari, die auch noch nötig ist u. jetzt möglich
563 1936 3768 2150 wäre. Aber Freitag ist Janensch's Geburtstag, da möchte
607 2164 1605 2278 ich nicht fort sein.
1748 2050 3796 2191 Abds. in d. Schamben ohne Erfolg gejagt. Die Leute haben heut
1373 2215 2023 2311 nichts zu essen!
678 2191 3869 2507 9. Nov. Vorm. Den Quellfluß Tingutinguti abwärts gegangen
599 2341 3665 2636 bis zur Ausmündung in's Tal unter dem Plateaurand. Die
585 2496 3759 2802 Route aufgenommen u. Höhendifferenzen bestimmt. Auf
577 2639 3727 2943 d. Rückweg Fossilien gesammelt, unter anderm einen
593 2776 3733 3097 neuen breitrückigen Nautilus in Schichten d. Nerineenstufe
619 2951 3745 3250 anstehend gefunden, die mir bisher ganz fossilleer er„
595 3145 3582 3446 schienen. Das Skelett zu d. Schädel am Ligoma-Wege
599 3322 3646 3609 scheint sich zu entwickeln, heut Humerus gemeldet.
726 3495 3829 3833 10. Nov. Vorm. Den gestern gefundenen Humerus angesehen,
600 3691 3781 3989 schon um 8 von dem Rundgange zurück, da jetzt viel Leute
644 3847 3788 4118 wegen Mtama-Einkaufs unterwegs u. die Arbeiten
662 4029 3782 4257 auch schon recht gut allein laufen. Am Knochen Katalog
694 4202 3405 4375 geschrieben, um Arbeit zu haben. Meist klar.
777 4367 2928 4544 Abds. Janensch's Geburtstag begossen.
722 4481 3711 4736 11. Nov. Vorm. Über Doanika-Quelle in's Mbenkuru-
662 4679 3641 4887 Tal hinab (Höhendifferenzen gemessen). Sehr viel Wild, auch
