4292 5213
236 299 395 387 10
522 332 3876 502 21 Mai: Ankunft eines Trupps von 10 Wangoni vom Nyassa
552 502 3933 677 21. Mai: Rundgang zu allen Arbeitsstellen ohne besonderen
513 649 3549 865 Aufenthalt heut bereits 3 ½ Std. In Kant geblättert.
666 852 3807 1050 Abends Kometen gesehen, bereits ziemlich fern der
555 995 3263 1185 Sonne. Des Mondscheins wegen nur klein.
491 1153 3891 1406 Sonntag d. 22. Mai: Blick vom Hause aus nach S. aquarel„
484 1396 3237 1565 liert. Nicht fortgegangen. Abends Komet.
647 1573 1675 1725 In Kant geblättert.
776 1718 3838 1900 23. Mai. Morgens Zibethkatze in d. Falle mit Pistole
643 1870 3332 2033 u. ein Eichhörnchen mit Vogeldunst geschossen.
778 2014 3763 2214 Arbeiten an Skelett S wieder aufgenommen.
748 2144 3781 2377 24. Mai: Morgens eines Barappis wegen in dem Talkessel
588 2275 3677 2548 des Doanika durch's Pori gekrochen, natürlich ohne Erfolg.
575 2560 1473 2707 Zu allen Gräben
866 2651 3801 2843 Erhalten Nachricht, daß auch bei Massassi (5 Tage Entfernung)
611 2800 3813 3010 noch Knochen gefunden seien. Die Regenzeit ist somit durch
587 2962 3823 3162 das Auseinanderströmen unserer Arbeiter recht frucht„
601 3133 3775 3311 bar geworden. Das Problem der Entstehung dieser
580 3308 3989 3476 Knochenlager wird immer ungeheurer. Werden morgen
554 3475 3197 3642 Leute zur Berichterstattung dorthin senden.
771 3589 3817 3805 25. Mai: Schon wieder Zibethkatze in der Falle.
589 3784 3711 3963 Um die harmlosen Tierchen ist mir's eigentlich der
581 3970 2221 4125 Qualen wegen recht leid.
849 4074 3970 4276 Knochen abgezeichnet. Auf einem Wege Mbawalla gesehen.
721 4279 3847 4465 26 Mai: Morgens, da regnerisch u. feucht etwas ge„
639 4431 3885 4607 jagt. Scheuchte 2 kleinereTiere im hohen Grase auf,
611 4638 1819 4800 ohne etwas zu sehen.
899 4747 3727 4919 Die Arbeitsstelle bei Skelett S ist höchst malerisch.
