4292 5214
3893 244 3979 364 27
426 310 3889 473 18. Juli: Morgens an d. Gräben in Kindope, die bisher
474 463 3930 642 nichts liefern. Zurück unterhalb des Tendaguru am
380 635 3305 833 Plateaurand. Brannte teilweise im Tale.
502 837 3734 1040 19 Juli: Janensch nach Ubolelo gezogen. Ich den
455 1005 3835 1224 Kitukituki-Bach abwärts, durch furchtbares Dornge„
419 1187 3927 1373 strüpp bis in abgebrannte Niederung. Sahen Spuren;
437 1429 1218 1520 während ich
1223 1347 1402 1409 laut
1218 1351 3892 1486 m. meinem törichten Begleiter stritt, ob
476 1480 3951 1706 Elenantilope od. Büffel, hörte ich etwas, drehte mich
454 1658 3764 1867 um, sah ein riesiges hellgraues Tier auf uns zu„
483 1801 3823 2044 traben u. schoß, als es keine 15 m. entfernt war.
497 1952 3907 2206 Erst hielt ich es für elephas, dann für Büffel, dann
530 2119 3951 2377 für Elenantilope. In welchem Stadium ich schoß, weiß
452 2333 3833 2549 ich nicht, da alles in einem Augenblick geschah. Ich
513 2508 3600 2740 folgte, schoß mehrfach, um es nicht zu verlieren.
477 2686 3912 2900 Schließlich stand es frei, ein dicker Blutstrahl sprang
511 2850 3857 3085 aus der Seite, zwei Blattschüsse hatten getroffen, ich
531 3033 3851 3267 mußte nochmals schießen, um es umzulegen u.
522 3223 3817 3461 m. dem Fangschuß unangenehmerweise meine
507 3385 3794 3642 letzte Kugel verschießen. Mir war der Anblick u.
509 3564 3821 3827 d. Hetze greulich u peinlich, aber der erste Schuß
489 3743 3890 4014 hatte getroffen. Teilweise verfolgten wir's durch
519 3915 3781 4169 dickes hohes Gras. Wollte so schnell wie möglich
603 4070 3947 4335 zurück, denn es war 11 geworden u. ich wollte
545 4258 3851 4517 das Schächten der Leute wegen ermöglichen. Aber
642 4439 3804 4712 nirgends ein Ausweg. Durch furchtbares Gras u.
642 4635 3849 4865 Hügel endlich einen Weg (Kipande-Karani Ligoma)
