4292 5213
3749 181 3963 350 127
483 225 3968 481 zurückgelassen hatte, scheint infolge Todesfall,  Urlaubsreisen u.
469 373 4021 668 Personenwechsel leider endgiltig verloren. Das vorige schmutzi„
498 513 3971 802 ge Grashaus steht nicht mehr, sie wohnen aber noch immer
498 663 3679 956 so schenzi-mäßig, daß ich froh war nicht zum Essen
495 784 4021 1089 aufgefordert zu werden. In d. Steinbrüchen; lange garnichts,
487 926 4035 1193 dann fast ausschließlich 1 Pecten-Art gefunden, um so mehr
465 1088 3622 1419 bedaure ich d. Verlust der vorjährigen Ausbeute.
612 1232 3359 1499 Abend am Bahngleis Vergleiche. Nachm. kein Regen.
803 1413 4021 1674 20. April. Schickte d. Träger zum nahen Mikande (Jumbe
472 1627 3850 1888 Chamide) voraus, machte nochmals Aufzeichnungen an d.
475 1718 4005 2043 Bahn, folgte dann u. ging gleich weiter über d. Ngerengere
522 1933 3944 2244 zum gegenüberliegenden Lukosse, wo wir vor'm Jahr
515 2096 3736 2411 schon Gneiß fanden. Sah mich aber in d. Entfernung
525 2214 4032 2583 ge- u. enttäuscht, denn d. Fluß bildet hier bei weitem
518 2347 3844 2714 nicht mehr die Grenze, sondern ich ging noch eine Std.
526 2504 3921 2902 in festen bis mürben bräunlichen Sandsteinen. Grenze
511 2685 4009 3061 hier wieder durch ein ca 500 m. breites Tal verdeckt, dann
496 2832 4017 3131 etwas energischere Geländeformen, die d. Gneiß schon voraus
516 3003 4032 3321 verraten; unmittelbar dahinter der erste kleine Inselberg.
496 3205 3907 3483 Nach Mikande zurück. Flußübergang mit etwas halsbreschericher
498 3464 1208 3643 Brücke aus
997 3395 1355 3533 wenigen
1160 3346 4003 3680 schwachen ungraden Bäumchen mit Bastverbindung.
527 3515 3984 3800 Um 11 im Lager. Sehr heiß u. garkein Regen, was wegen des Marsches
533 3669 3752 3980 an d. Bahn höchst erwünscht. Die schon vorm Jahr aufgefundene
518 3818 4002 4148 Fossilschicht liefert 2 kleine Ammoniten. Abends südl. am Wege
532 3970 3891 4255 entlang, wo die fossilreiche, fast zoogene Schicht, die am Ngerengere
551 4123 3946 4362 aufwärts im Flußniveau ansteht, ca 30 m. oder mehr höher liegt.
519 4269 3878 4563 Bei d. Einfallen d. Schichten u. dem nicht starken Flußgefälle
497 4449 3860 4733 kann ich nur Verwerfung annehmen, zumal sie dort am
502 4585 3937 4910 Gneiß, hier ca 4-6 km. davon entfernt liegt. Das stimmt mit
