4292 5213
3864 331 3933 384 1
945 294 3919 419 Zweite Campagne der Tendaguru-Expedition.
1727 628 2453 698 1910.
644 721 3792 903 29. April. ½5 aufgestanden, der Komet wieder schön zu
622 887 3915 1074 sehen. Trotz vieler Träger mußten d. Lasten sorgfältig im
598 1037 3917 1236 Einzelnen verteilt werden, damit nichts wichtiges
634 1195 4006 1394 zurückblieb. Daher erst gegen 7 fortgekommen, ich mit
620 1358 3996 1554 Wilhelm voraus. Den herrlichen Sonnenmorgen hatte
611 1498 3825 1704 ich nicht voll genießen können, doch der Vormittag
657 1647 4039 1859 holte es nach. Seit gestern ganz unvermittelt reines
632 1820 4025 2014 Trockenheitswetter, daher auf d. Kitulo verhältnismäßig
684 1996 3878 2180 wenig morastig. Im sandigen Tal von Namembo
668 2161 3926 2349 ganz trocken. Rast vor d. Hause eines Suaheli, der in
649 2324 4009 2494 unserm Lager einen Kramladen zu eröffnen wünscht.
651 2489 3979 2652 Kokosnüsse, Bananen. Aufstieg zum Lutende verhältnis„
625 2648 3954 2817 mäßig fast kühl zu nennen. Oben heftiger Wind, so
626 2792 3858 2987 daß mir eigentlich kalt war, aber es ist schon der
629 2946 4010 3134 Südost! Mein Moskitonetz verschwunden, aber hier u. auf
602 3123 4004 3306 Noto kann ich es ruhig entbehren u. am Tendaguru liegt
636 3318 1632 3445 eins zur Reserve.
756 3446 4051 3623 30. April. Marsch zum Noto-Jumben Mwenjedadi. Am Nkanga
585 3583 3863 3784 lange auf Apparat gewartet, den Ali trug. Die Mtama-
611 3725 3931 3951 Felder mit über 4 m. hohen Ähren kommen mir uner„
597 3881 3777 4104 wartet hoch vor, sollen aber normal stehen. Der
612 4063 3919 4246 Jumbe hat mit Bieneneifer alles zum Empfang vor„
629 4215 3957 4400 bereitet, ein höchst brauchbarer Mensch. Gegen Abend
639 4377 4049 4552 eine Viertelstunde nach S. zum Steilabsturz mit prächtigem
619 4538 3931 4718 Blick auf die gegenüber liegenden Plateauränder u.
644 4688 3700 4871 Lutamba-Tal. Newala-Sandstein unter starker gelblich
