4292 5213
284 271 486 440 144
533 346 3930 624 verdankt u. die uns Davis selbst aus Amerika grade nach Berlin
508 509 3983 760 (als Austauschprofessor) gebracht hat. Aber ich habe es nicht beachtet
510 689 3830 930 u. Staff erntet nun in der Goldmine, die ich (u. fast alle
529 814 3833 1074 Andern) übersah. Ich lerne nun wenigstens von ihm, dem
584 985 3748 1231 Jüngern noch zur Zeit, um für diese meine Auslandreise
562 1144 1914 1402 Nutzen davan zu haben.
742 1252 3749 1545 26.VI. Kindope besichtigt. Dauernd gut. Janensch noch hier.
761 1445 3911 1715 27.VI: Janensch ab nach Nanundo, um mit Bogen nach W zurück
577 1556 3429 1874 zu gehen; begleitete ihn bis in's Tal, dann über Kindope.
602 1729 3879 1953 Machte heut den Vorschlag, da wir zu Dritt u. die Arbeit nicht über„
588 1839 3870 2060 mäßig sei, bevor gebrannt würde, einiges nachzuholen, was bis„
581 1971 3753 2229 her versäumt sei, vor allem etwas zu triangulieren, Staff
563 2146 3506 2396 fände jetzt auch vielleicht Zeit zu einer gewünschten Safari.
776 2273 3882 2512 30.VI. Lohntag. Wollte Furtw. heut die Zahlungsmethode zeigen u. ihm
615 2403 3739 2620 die mit vielen kleinen shauri's  verbundene Kasse ganz
614 2547 3913 2827 übergeben, sowie neue Lohnliste anfertigen, aber leider fühl„
595 2718 4023 2920 te er sich unwohl, mußte sich gleich zu Beginn der Zahlung zurück„
628 2845 1810 3124 ziehen u. hatte Fieber.
754 2949 3989 3275 1. Juli. Durch Furtw.'s Fieber dürfte sich mein Abschied wieder
607 3128 3954 3390 etwas verzögern. Mit Staff wieder viel Schach, aber auch jetzt
637 3314 3894 3541 noch mit geringem Erfolg, da ich immer die Offiziere vor
636 3455 3944 3689 der Front aufmarschieren lasse, wo er sie schonungslos weg„
643 3684 3902 3910 schießt. Immerhin manche interessante Partie mit schwanken„
662 3768 1539 4031 dem Kriegsglück.
564 3824 3886 4143 Sonntag d. 2. Juli. Wollte wieder einmal ausschlafen, wurde
538 4094 3814 4327 aber mit der Meldung „Leopard in d. Falle“ geweckt. Während
537 4183 3851 4470 des Anziehens u. d. Ganges zur Falle im Tal an d. Barrabarra
570 4316 3828 4594 hörte man deutlich 2 Löwen von dort, so daß wir nicht
552 4479 3888 4713 zweifelten, daß einer gefaßt sei. Daher Enttäuschung über den
555 4631 3999 4857 Leoparden. Hätte gern noch einen allein abgeschossen, aber Staff auch,
