4292 5214
3666 239 3953 384 111
347 238 2380 512 6.III. Besorgungen, Einkäufe, Schach.
344 328 3829 720 7.III. Abds. Tennis. Nach d. Essen im Klub. Konzert der Askari-
546 618 1057 906 Kapelle
383 703 3912 1008 8.III: Kempner im Gouvernement abgeholt, dabei etwas in
527 865 3810 1192 dortiger Bibliothek geschmökert: Bornhardt, Dantz, Suehs.
623 1075 1917 1311 Tennis u. Billard.
369 1196 3937 1531 9.III. Regentag. Morgens heftiges Gewitter, dann feiner
588 1370 3973 1690 Regen bis gegen 11. Endlich erträglichere Temperatur.
685 1553 3765 1872 Beim Zahnarzt u. im Hospital, wo mir ein
681 1722 2732 2047 Sandfloh herausgeholt wird.
410 1896 3931 2177 10.III. Morgens Besorgungen, dann geschrieben u. s. w.
599 2078 3773 2381 Fühlte mich faul u. hatte Verdacht auf Fieber,
599 2180 3966 2532 sah mich aber durch Messung von 41,3° stark über„
591 2379 4044 2681 rascht. Da es nicht heruntergehen wollte u. ich keinen
560 2534 3991 2870 Schweiß bekommen konnte, ließ ich im Krankenhaus
611 2715 3690 2969 wegen Chinin anfragen. D. Arzt kam abends
590 2910 3707 3156 selbst u. nahm Blutprobe. Vorm Einschlafen noch
536 3049 1477 3297 immer 39°.
819 3172 3746 3465 Im Bett erhielt ich das sehnlichst erwartete
560 3413 3814 3586 Telegramm von Branca: wir bekommen noch
566 3524 3903 3821 30 000 M., somit ist mein Bleiben bis Dezember
578 3662 3532 3994 höchst wahrscheinlich. Nun, es kann Einem
587 3859 2578 4152 wahrlich schlimmeres geschehen.
454 4113 3632 4344 11.III. Gut durchgeschlafen, morgens ohne Fieber.
563 4227 3846 4524 Ganzen Tag aufgeblieben, auf Usagara, beim Photo„
595 4349 3998 4663 graphen, im Hospital, wo Malaria festgestellt werden
581 4525 3768 4793 konnte. Vormitt. noch etwas schwach, abends ganz
631 4752 1227 4936 normal.
