4292 5214
3886 193 3998 321 75
415 267 4045 453 bereits Beute u. zwar  ein längst ersehntes schönes Gehörn u.
453 418 3925 623 schoß nur auf ein Weibchen, weil unsere Leute gestern
493 579 4083 779 u. heut nur halbe Rationen Mtama bekommen konnten.
720 773 3857 941 Zurückkehrend erfuhr ich mit Erstaunen, bwana Usagara
514 932 3762 1115 sei angekommen, eilte zurück u. fand Oberleutnant
492 1108 3740 1327 Winterer vor, mir noch unbekannt; er konnte nicht
531 1254 3838 1492 bleiben, so begleitete ich ihn ein Stück Weges in der
499 1435 3783 1669 Mittagssonne, doch nicht allzuweit aus Prophylaxe.
767 1667 2947 1868 10 Dez: Poscho. Abds. Janensch zurück.
666 1829 3962 2040 Sonntag d. 11. Dez: Erwarteten die beiden Offiziere
690 2024 3985 2252 zu Mittag, erhielten aber Einladung zum Abend in's
686 2233 3664 2434 Biwak, das ¾ Std. am Wege nach Lindi auf dem
662 2442 3938 2593 Lipogiro aufgeschlagen war. Um 5 dort, malerisches Bild,
632 2638 3849 2788 das Verhau ringsum, all d. kleinen Zelte, d. Markt, das
617 2823 3673 2980 Gewimmel v. Askaris, Weibern, Trägern, Verkäufern,
679 3007 3888 3149 Jumben. Mit d. Offizieren gegessen, ziemlich weit im
602 3167 3792 3322 W. zog sich ein Gewitter zusammen, griff dann nach
669 3337 3932 3523 S u. O. um sich, fiel in d. Bucht v. Ubolelo ein, über„
643 3506 3915 3694 zog d. Namunda u. breitete sich immer weiter
612 3693 3748 3855 nach O. aus, bis wir selbst vom starken Regen in's
608 3866 3900 4008 enge Zelt getrieben wurden. Gradezu erbärmlich fand ich,
648 4023 3788 4163 daß wir selbst den Schwarzen gegenüber die beiden Unter„
642 4178 3715 4313 offiziere garnicht kennen lernten u. sie für sich essen
623 4334 3183 4483 ließen: Kastengeist über Rassenbewußtsein!
827 4505 3785 4644 Bei manchem Trunk bis in die Nacht gesessen, dann bei
634 4653 3518 4797 schwachem Mondlicht zurück: um Mitternacht zu Haus!
