4292 5213
3832 215 3916 334 47
484 310 3974 457 den scheint u. die Sonne blutrot erscheinen läßt. Am Himmel
496 466 4078 625 gewaltige Streifenwolken in NNO-SSW-Richtung von einem
543 617 4005 786 Horizont zum andern den gesamten Himmel überspan„
537 810 3981 958 nend. Der Streifen im Zenith erschien verschwommen u.
571 958 3972 1121 durchsichtig, alle nach NNO u. SSW scheinbar strahlenförmig
572 1137 1696 1304 zusammenlaufend.
668 1272 3910 1472 23. Sept. Bei den Kindope-Gräben bis zum Abstieg des
605 1405 3951 1624 Akida-Weges, dann im S Maimbwi-Gräben. Im Vor„
733 1603 878 1668 jahr
845 1583 3049 1783 schienen das alles Tagesausflüge.
680 1826 3060 1993 24 Sept. Mittags Janensch zurück. Poscho.
620 2012 3766 2187 Sonntag d. 25 Sept: Vorm. Amerik. Saurier (Marsh)
651 2195 4019 2352 studiert. Fossilien gepackt. Nachm. Schach m. Janensch; pracht„
648 2369 1860 2485 volle gleiche Partie.
893 2524 3921 2732 26. Sept. Morgens Lasten abgeschickt. Mit den Packern
674 2679 4059 2910 beschäftigt. Auf einem kl. Umwege in d. alten Schamben
656 2860 4053 3086 Barappi in dichtem Gebüsch aufgejagt u. bald erlegt. Hoffte
668 3045 3936 3243 auf einen starken männlichen Einzelgänger, bis ich
666 3207 3877 3394 neben ihm stand u. bemerkte, daß es ein freilich
672 3414 3771 3553 altes Weibchen war. Keine Spuren von andern
687 3611 3986 3697 Tieren. Abends: Erste botanische Ausbeute in die
659 3771 1482 3895 Presse gepackt.
882 3938 4027 4107 27. Sept: Janensch nach Mtapaia. Ich „Südring“ mit
649 4135 3942 4279 Packern. Bei Salesi 2 je 2 m. lange Scapulae nebst
611 4317 3075 4459 Coracoiden, eine wahre Knochenwand.
832 4487 3885 4641 28 Sept: Neue Knochenstelle nördl. vom Lilahi,
656 4674 4026 4793 nahe am Mbenkuru besichtigt. Unbrauchbar, aber schöner
