4292 5213
359 313 507 385 36
774 310 3808 504 18. Aug. Morgens zunächst wieder dem Barappi am
496 460 3845 646 Lilahi nach gespürt, gänzlich vergeblich. 2 starke Löwenspu„
531 645 3735 772 ren, gestern schon eine, stelle daher freilich ohne viel
500 750 3838 937 Hoffnung die Falle in den Weg. Über Lilombo, wo
461 881 3711 1095 ich einen Hundsaffen erlegte, nach Kindope. Zu
543 1034 3811 1234 den meisten übrigen Gräben. Bei Skelett S scheinen
551 1210 3821 1373 mir in d. Tat Schädelknochen herauszukommen, aber
534 1358 3750 1536 eigentlich Enttäuschung, da verstreut, zerbrochen u.
590 1554 1590 1699 nicht vollständig.
870 1692 3788 1805 Papagei, der anscheinend noch nicht selbstständig
621 1819 2575 1968 fressen konnte, eingegangen.
817 1938 3761 2174 19 Aug. Morgens die Falle besichtigt, nichts. Da noch früh u.
598 2151 3699 2345 bedeckt, wollte ich, obwohl ohne Getränke, versuchen, den
597 2322 3726 2515 Graben in Kijenjere zu besichtigen. Am Lilahi-Graben
615 2491 3803 2655 vorbei gegen das Anwesen des Liwengwa zu. Schwach aus„
624 2651 3676 2819 getretener Weg durch freilich niedriges Gras. Trug d.
626 2794 3699 2985 Gewehr nicht selbst, um etwa aufspringendem Wilde
706 2948 3806 3144 Zeit zum Entkommen zu lassen u. mich nicht aufzu„
687 3120 3716 3302 halten. Da sah ich unter einer Baumgruppe auf einem
656 3274 3703 3436 Hügel einen schwarzen Schatten schräg aufwärts geneigt,
753 3452 3590 3562 wie ein gefallener Baumstamm. Nur bisherige Er„
676 3567 3668 3761 fahrungen ließen d. Vermutung an ein Barappi
690 3704 3733 3909 aufkommen. Doch blieb alles trotz unsers Geräusches
682 3847 3752 4059 unbeweglich u. ich wollte eben weiter gehen, als ich
712 4023 3779 4221 einen Schwanz sich bewegen sah. Nun schoß ich u.
715 4188 3625 4370 traf, sah aber eine ganze Herde abspringen. Nur
697 4346 3769 4517 unablässiges Suchen der Blutspur führt uns richtig u.
700 4529 3811 4703 nach etwa ½ Std.konnte ich das niedergebrochene Tier er„
