4292 5213
3810 226 3992 372 131
255 181 666 371 Sonntag
418 294 3901 490 23. April: Bahn aufwärts gefolgt bis 119,9, Kinkelin-Graben im
537 383 3944 636 Grase nicht gefunden. Meine Leute haben gestern nur bei 121 (,7?)
519 531 4001 788 geschlagen, konnte aber nicht mehr hinkommen, hab's auch wohl
507 667 3816 889 vor'm Jahr nicht übersehen. Bahnprofil bis 114, von 116,5 ab
492 812 3806 1083 vielfach würflig brechende blaugraue Mergel in ziemlich
506 968 4092 1183 dünnen Lagen (Maximum ca 1 m.), vollständig wie Saurier„
515 1163 3892 1431 schichten, auch dazwischen lagernde Sandsteine ließen sich
521 1346 3719 1545 identifizieren. Leider von der prächtigen Stelle bei
528 1493 3764 1690 119,2-3 (Schnecken u. Muscheln mit vorzügl. Schalen) abwärts
504 1650 3886 1915 kein einziges Fossil mehr zu finden. Daher Kreide viel„
514 1810 3746 2079 leicht schwer feststellbar. Jedenfalls von Ngerengere ab
526 1965 3434 2244 ununterbrochene Schichtenfolge, keine Transgression!
629 2127 3692 2395 Kaum im Lager, begann tüchtiger Regen, sodaß kein
538 2280 2610 2543 Nachmittagsausflug. Brief an Mama.
407 2441 3887 2691 24. April: Morgens etwas Regen. Fossilien signiert u. verpackt.
519 2597 3903 2812 Dann kleiner Ausflug südl. d. Bahn u. nochmals von 116,2-
498 2726 3840 2979 114 Fossilien gesucht. Leider vergeblich. Auf d. Wegen u. in d.
493 2904 3797 3128 Schamben sind im Sandboden nur an wenigen Stellen
497 3046 3818 3327 hellgraue Kalkbrocken aufzufinden, wie sie auch nahe 116
492 3160 3875 3475 in d. Schichtenfolge vorkommen. Außerdem mehrfach grobe
477 3368 2880 3664 Kiese, darunter auch Sandsteingerölle, also
2858 3365 3034 3417 wohl
2880 3310 3923 3583 nicht Restbestände
521 3554 3926 3817 aus Jura-Konglomeraten, sondern junge Bildungen. Doch
509 3732 3991 3971 finde ich in all den Tagen nicht ein einziges Newala-
520 3854 4019 4105 Sandstein-Geröll. Natürlich bleibt Bornhardt's Beobachtung
484 4110 3790 4322 bestehen, doch kann ich seine „Mikindani-Schichten“ auch
481 4238 3952 4520 hier nicht als Lösung des Problems empfinden, obwohl
455 4380 3821 4690 ich keine bessere  weiß (fluviatil kaum wegen großer
478 4603 1297 4841 Ausbreitung)
647 4701 3794 4973 Hier wie auch in Ukhwere bewundere ich vielfach die
