4292 5213
3714 232 3979 383 105
385 256 3803 507 die gewellte, gleichmäßige Fläche der Manihot-Kronen.
393 423 3606 671 Schöne Einrichtung des geschickt, aber einfach gebauten
393 512 3834 826 Häuschens, freundliche Aufnahme. Nachm. Gang durch die
397 674 3877 992 Pflanzung. Hinter dem Haus ein auffälliger, krater„
453 808 3948 1144 förmiger Erosionskessel in der Halde vor dem Steil„
451 1029 951 1263 absturz:
545 1471 3965 1754 23.II. Durch die Pflanzung auf die große Bucht zu, welche hier
510 1645 3816 1965 durch Nyangedi u. Nyangao in d. Südteil des Rondo
517 1767 3780 2118 hineingeschnitten ist. Zunächst ein unbedeutendes Tal
472 1936 3942 2234 aufwärts, über dessen oberes Ende in's vielverzweigte,
561 2087 3761 2371 aber schmale Lihimba-Tal, auch dieses quer aufwärts
548 2193 3812 2538 überschritten, seitlich mit Steilanstieg auf die Wasser„
518 2402 3733 2698 scheide gegen Nyangedi, aus Newala-Sandst. gebildet,
551 2494 3980 2822 auf dem Riegel entlang auf ungeschicktem Wege hinüber
530 2676 3904 2983 zum Liputi mit ewigem, ganz unnötigem Auf u. Ab.
547 2814 3923 3123 In gleichfalls gänzlich törichten Windungen über die
543 2952 4056 3335 Plateaufläche des Liputi, dann jenseits statt in Serpentinen
508 3119 3707 3485 natürlich gradinig bergab, so daß der Weg mehr
526 3254 3902 3594 Bachriß vorstellt, als sonst etwas. Über breites Neben„
527 3442 3791 3790 tal des Nyangedi nach Ntatala, Lager aufgeschlagen.
444 3590 3927 3927 Verpflegungsschwierigkeit, Leute hungrig u. störrisch, Karani
508 3838 1234 4110 ungewandt.
717 3861 3673 4199 Wollte auf Engelhardt's Wege weiter, aber mit
497 4058 3900 4348 Trägern nicht mehr zu machen, ebenso an Ort u. Stelle
494 4174 3884 4481 alles so verwachsen, daß für geol. Interessen kein Raum
476 4380 2627 4658 blieb. Temperatur recht angenehm.
