4292 5213
3732 235 3860 292 61
327 290 3891 409 rer hatte mich mit der Nachricht von Kudu-Spuren dahin gelockt,
398 436 3921 592 ich mußte aber abermals konstatieren, daß d. Leute keines„
387 599 3961 751 wegs unterrichtet sind, es waren einige nicht ganz frische
317 760 4017 911 Spuren von Elen-Ant. u. Barappi zu sehen. Mit den Kudu's
399 889 3965 1090 ist es also wohl leider endgiltig nichts. Auf d. Rückweg an
430 1083 2616 1230 einem Ngorombwe vorbeigeschossen.
2717 1032 4033 1151 Abds. Knochenfund besichtigt: halbes
2830 1127 4043 1212 Femur v. mächtigen Dimensionen.
2973 1236 4032 1305 Ornithopoden-Zahn u. -Klaue.
622 1244 2935 1370 31. Oct. Stark bewölkt. Lohnzahlung.
630 1361 3977 1577 1. Nov. In Kindope. Lange an einem schlechten Stück praepa„
568 1527 3809 1727 riert, in dem ich anfangs Stegosaurier-Schädel vermutet
567 1670 3867 1849 hatte. Mittags Regen, auch in d. Umgebung mehrere
541 1814 3969 2013 starke Böen beobachtet, besonders auf Noto u. Namunda.
584 1952 4017 2163 Über oder hinter letzterem nachmittags erstes Gewitter.
594 2107 3926 2336 2. Nov. Wieder meist bedeckt. Beim Laufen etwas
492 2272 3909 2473 schwül, aber doch ein Schutz gegen die jetzt recht kräf„
521 2441 3595 2601 tige Sonnenstrahlung. Janensch abds. zurück.
686 2577 3991 2747 Bei dem Skelett no entwickelt sich die Schwanzwirbel„
531 2698 4003 2868 säule sehr erfreulich; ein ganz hübsches Stück vom hinteren
518 2875 2036 3007 Ende im Zusammenhang
647 2977 3127 3160 3 Nov. Wieder bedeckt. Südgräben.
1244 3068 2970 3204 Geolog. Karte v. Namgaru-Tal skizziert.
653 3116 3871 3313 4 Nov. Fossilien u. Gesteinsproben von d. Safari geordnet.
547 3269 3495 3458 Der Schwanz bei no jetzt so gut wie vollständig.
682 3406 3859 3627 4. Nov. Kindope. Signiert. Brief an Mama, Mit„
505 3602 3913 3775 teilung, daß wir wahrscheinl. in die Regenzeit hinein hier
532 3754 3964 3944 arbeiten müssen. Der Entschluß v. Janensch ist vollständig
513 3901 3969 4090 berechtigt, aber eigentümlich, wie er nun einen Zeit„
507 4062 3902 4249 gewinn daraus macht, wieder alles Mögliche auf spä„
499 4226 3870 4399 ter verschiebt u. sich auf immer längeres Bleiben
525 4382 2813 4540 einrichtet. Mittags gegen 2 Uhr 33 ½°!
596 4507 3876 4730 5. Nov. Poscho. Gegen 5 Gewitter über Namunda, das sich nach
491 4679 3487 4867 W. verzog u. abends noch lange heftig wetterleuchtete.
