<?xml version="1.0" encoding="UTF-8" standalone="yes"?>
<PcGts xmlns="http://schema.primaresearch.org/PAGE/gts/pagecontent/2013-07-15" xmlns:xsi="http://www.w3.org/2001/XMLSchema-instance" xsi:schemaLocation="http://schema.primaresearch.org/PAGE/gts/pagecontent/2013-07-15 http://schema.primaresearch.org/PAGE/gts/pagecontent/2013-07-15/pagecontent.xsd">
    <Metadata>
        <Creator>prov=University of Rostock/Institute of Mathematics/CITlab/Tobias Gruening/tobias.gruening@uni-rostock.de:name=/net_tf/LA73_249_0mod360.pb:de.uros.citlab.segmentation.CITlab_LA_ML:v=2.4.1
TRP</Creator>
        <Created>2019-08-02T07:17:35.018+02:00</Created>
        <LastChange>2019-09-04T15:16:46.144+02:00</LastChange>
        <TranskribusMetadata docId="190842" pageId="7550900" pageNr="19" tsid="15149044" status="GT" userId="34979" imgUrl="https://files.transkribus.eu/Get?id=GBKSIWBTSUXCMJLKTPUHZLTT&amp;fileType=view" xmlUrl="https://files.transkribus.eu/Get?id=FVBBZYWTWBHSFNBDHRXQUIIJ" imageId="4551778"/>
    </Metadata>
    <Page imageFilename="UAT_407_081_019.jpg" imageWidth="4292" imageHeight="5214">
        <ReadingOrder>
            <OrderedGroup id="ro_1612256468946" caption="Regions reading order">
                <RegionRefIndexed index="0" regionRef="r2"/>
            </OrderedGroup>
        </ReadingOrder>
        <TextRegion orientation="0.0" id="r2" custom="readingOrder {index:0;}">
            <Coords points="372,209 372,4857 3997,4857 3997,209"/>
            <TextLine id="r2l1" custom="readingOrder {index:0;} structure {type:page-number;}">
                <Coords points="3723,330 3753,332 3783,333 3813,334 3813,213 3783,212 3753,211 3723,209"/>
                <Baseline points="3723,290 3753,292 3783,293 3813,294"/>
                <TextEquiv>
                    <Unicode>17</Unicode>
                </TextEquiv>
            </TextLine>
            <TextLine id="r2l2" custom="readingOrder {index:1;}">
                <Coords points="372,453 545,458 719,460 893,461 1067,460 1240,458 1414,456 1588,452 1762,449 1935,445 2109,441 2283,437 2457,433 2630,430 2804,428 2978,426 3152,426 3325,427 3499,430 3673,435 3847,441 3847,323 3673,317 3499,312 3325,309 3152,308 2978,308 2804,310 2630,312 2457,315 2283,319 2109,323 1935,327 1762,331 1588,334 1414,338 1240,340 1067,342 893,343 719,342 545,340 372,335"/>
                <Baseline points="372,414 545,419 719,421 893,422 1067,421 1240,419 1414,417 1588,413 1762,410 1935,406 2109,402 2283,398 2457,394 2630,391 2804,389 2978,387 3152,387 3325,388 3499,391 3673,396 3847,402"/>
                <TextEquiv>
                    <Unicode>die d. ganzen Hinterleib bis auf Haut u. Knochen</Unicode>
                </TextEquiv>
            </TextLine>
            <TextLine id="r2l3" custom="readingOrder {index:2;}">
                <Coords points="417,607 581,613 746,617 911,619 1076,619 1241,617 1406,615 1571,611 1736,606 1901,601 2066,596 2230,591 2395,586 2560,581 2725,578 2890,575 3055,575 3220,575 3385,579 3550,583 3715,591 3715,473 3550,465 3385,461 3220,457 3055,457 2890,457 2725,460 2560,463 2395,468 2230,473 2066,478 1901,483 1736,488 1571,493 1406,497 1241,499 1076,501 911,501 746,499 581,495 417,489"/>
                <Baseline points="417,568 581,574 746,578 911,580 1076,580 1241,578 1406,576 1571,572 1736,567 1901,562 2066,557 2230,552 2395,547 2560,542 2725,539 2890,536 3055,536 3220,536 3385,540 3550,544 3715,552"/>
                <TextEquiv>
                    <Unicode>weggefressen hatten. Wäre schon etwas vor 11</Unicode>
                </TextEquiv>
            </TextLine>
            <TextLine id="r2l4" custom="readingOrder {index:3;}">
                <Coords points="457,801 634,802 811,801 988,800 1165,797 1342,794 1519,791 1696,786 1873,782 2050,777 2227,772 2404,767 2581,763 2758,758 2935,755 3112,752 3289,750 3466,748 3643,748 3820,749 3997,752 3997,631 3820,628 3643,627 3466,627 3289,629 3112,631 2935,634 2758,637 2581,642 2404,646 2227,651 2050,656 1873,661 1696,665 1519,670 1342,673 1165,676 988,679 811,680 634,681 457,680"/>
                <Baseline points="457,761 634,762 811,761 988,760 1165,757 1342,754 1519,751 1696,746 1873,742 2050,737 2227,732 2404,727 2581,723 2758,718 2935,715 3112,712 3289,710 3466,708 3643,708 3820,709 3997,712"/>
                <TextEquiv>
                    <Unicode>zu Haus angelangt, besichtigte aber erst die Gräben</Unicode>
                </TextEquiv>
            </TextLine>
            <TextLine id="r2l5" custom="readingOrder {index:4;}">
                <Coords points="437,992 612,992 788,991 963,989 1139,986 1314,982 1490,978 1665,973 1841,968 2016,963 2192,958 2367,953 2543,948 2718,944 2894,940 3069,937 3245,934 3420,932 3596,932 3771,932 3947,934 3947,813 3771,811 3596,811 3420,811 3245,813 3069,816 2894,819 2718,823 2543,827 2367,832 2192,837 2016,842 1841,847 1665,852 1490,857 1314,861 1139,865 963,868 788,870 612,871 437,871"/>
                <Baseline points="437,952 612,952 788,951 963,949 1139,946 1314,942 1490,938 1665,933 1841,928 2016,923 2192,918 2367,913 2543,908 2718,904 2894,900 3069,897 3245,894 3420,892 3596,892 3771,892 3947,894"/>
                <TextEquiv>
                    <Unicode>am Wege. Fand einen alten Aufseher schlafend, der</Unicode>
                </TextEquiv>
            </TextLine>
            <TextLine id="r2l6" custom="readingOrder {index:5;} textStyle {offset:42; length:3;strikethrough:true; fontSize:0.0; kerning:0;}">
                <Coords points="450,1182 610,1173 771,1165 931,1158 1092,1153 1253,1148 1413,1144 1574,1142 1734,1139 1895,1137 2056,1135 2216,1133 2377,1132 2537,1129 2698,1127 2859,1123 3019,1119 3180,1115 3340,1109 3501,1102 3662,1093 3662,972 3501,981 3340,988 3180,994 3019,998 2859,1002 2698,1006 2537,1008 2377,1011 2216,1012 2056,1014 1895,1016 1734,1018 1574,1021 1413,1023 1253,1027 1092,1032 931,1037 771,1044 610,1052 450,1061"/>
                <Baseline points="450,1142 610,1133 771,1125 931,1118 1092,1113 1253,1108 1413,1104 1574,1102 1734,1099 1895,1097 2056,1095 2216,1093 2377,1092 2537,1089 2698,1087 2859,1083 3019,1079 3180,1075 3340,1069 3501,1062 3662,1053"/>
                <TextEquiv>
                    <Unicode>höchst erstaunt über mein Erscheinen war. Ich</Unicode>
                </TextEquiv>
            </TextLine>
            <TextLine id="line_1565699001889_857" custom="readingOrder {index:6;}">
                <Coords points="667,1312 3843,1244 3844,1294 668,1362"/>
                <Baseline points="668,1357 3844,1289"/>
                <TextEquiv>
                    <Unicode>14. Juni. Zurückgeschickt, um d. Affenschädel zu holen,</Unicode>
                </TextEquiv>
            </TextLine>
            <TextLine id="r2l9" custom="readingOrder {index:7;}">
                <Coords points="489,1560 662,1562 836,1563 1009,1562 1183,1561 1357,1559 1530,1556 1704,1551 1877,1547 2051,1543 2225,1537 2398,1532 2572,1526 2745,1521 2919,1517 3093,1511 3266,1507 3440,1503 3613,1500 3787,1498 3961,1496 3961,1376 3787,1378 3613,1380 3440,1383 3266,1387 3093,1391 2919,1397 2745,1401 2572,1406 2398,1412 2225,1417 2051,1423 1877,1427 1704,1431 1530,1436 1357,1439 1183,1441 1009,1442 836,1443 662,1442 489,1440"/>
                <Baseline points="489,1520 662,1522 836,1523 1009,1522 1183,1521 1357,1519 1530,1516 1704,1511 1877,1507 2051,1503 2225,1497 2398,1492 2572,1486 2745,1481 2919,1477 3093,1471 3266,1467 3440,1463 3613,1460 3787,1458 3961,1456"/>
                <TextEquiv>
                    <Unicode>bereits nicht mehr zu finden. Dafür Fossilien vom</Unicode>
                </TextEquiv>
            </TextLine>
            <TextLine id="r2l10" custom="readingOrder {index:8;}">
                <Coords points="490,1732 648,1730 807,1728 966,1726 1125,1723 1283,1720 1442,1717 1601,1714 1760,1710 1918,1706 2077,1702 2236,1698 2395,1694 2553,1689 2712,1685 2871,1680 3030,1676 3188,1671 3347,1667 3506,1662 3665,1658 3665,1538 3506,1542 3347,1547 3188,1551 3030,1556 2871,1560 2712,1565 2553,1569 2395,1574 2236,1578 2077,1582 1918,1586 1760,1590 1601,1594 1442,1597 1283,1600 1125,1603 966,1606 807,1608 648,1610 490,1612"/>
                <Baseline points="490,1692 648,1690 807,1688 966,1686 1125,1683 1283,1680 1442,1677 1601,1674 1760,1670 1918,1666 2077,1662 2236,1658 2395,1654 2553,1649 2712,1645 2871,1640 3030,1636 3188,1631 3347,1627 3506,1622 3665,1618"/>
                <TextEquiv>
                    <Unicode>Steilabstieg rechts des Mtapa, wo ich gestern</Unicode>
                </TextEquiv>
            </TextLine>
            <TextLine id="r2l11" custom="readingOrder {index:9;}">
                <Coords points="460,1922 624,1917 789,1913 953,1908 1118,1903 1282,1899 1447,1895 1611,1891 1776,1887 1940,1883 2105,1878 2269,1874 2434,1871 2598,1867 2763,1862 2927,1858 3092,1853 3256,1850 3421,1845 3585,1841 3750,1836 3750,1715 3585,1720 3421,1724 3256,1729 3092,1732 2927,1737 2763,1741 2598,1746 2434,1750 2269,1753 2105,1757 1940,1762 1776,1766 1611,1770 1447,1774 1282,1778 1118,1782 953,1787 789,1792 624,1796 460,1801"/>
                <Baseline points="460,1882 624,1877 789,1873 953,1868 1118,1863 1282,1859 1447,1855 1611,1851 1776,1847 1940,1843 2105,1838 2269,1834 2434,1831 2598,1827 2763,1822 2927,1818 3092,1813 3256,1810 3421,1805 3585,1801 3750,1796"/>
                <TextEquiv>
                    <Unicode>Trigonia Beyschlagi fand, während linksseitig auf</Unicode>
                </TextEquiv>
            </TextLine>
            <TextLine id="r2l12" custom="readingOrder {index:10;}">
                <Coords points="463,2106 627,2101 791,2096 955,2089 1119,2083 1284,2077 1448,2070 1612,2064 1776,2057 1940,2051 2105,2045 2269,2039 2433,2034 2597,2029 2761,2025 2926,2022 3090,2019 3254,2017 3418,2016 3582,2015 3747,2017 3747,1900 3582,1898 3418,1899 3254,1900 3090,1902 2926,1905 2761,1908 2597,1912 2433,1917 2269,1922 2105,1928 1940,1934 1776,1940 1612,1947 1448,1953 1284,1960 1119,1966 955,1972 791,1979 627,1984 463,1989"/>
                <Baseline points="463,2067 627,2062 791,2057 955,2050 1119,2044 1284,2038 1448,2031 1612,2025 1776,2018 1940,2012 2105,2006 2269,2000 2433,1995 2597,1990 2761,1986 2926,1983 3090,1980 3254,1978 3418,1977 3582,1976 3747,1978"/>
                <TextEquiv>
                    <Unicode>d. Plateau aber tiefer als jenes Konglomerat</Unicode>
                </TextEquiv>
            </TextLine>
            <TextLine id="r2l13" custom="readingOrder {index:11;}">
                <Coords points="457,2271 491,2269 525,2268 559,2267 594,2264 628,2263 662,2261 696,2259 731,2256 765,2254 799,2252 833,2249 868,2248 902,2246 936,2244 970,2242 1005,2240 1039,2238 1073,2237 1107,2236 1142,2235 1142,2120 1107,2121 1073,2122 1039,2123 1005,2125 970,2127 936,2129 902,2131 868,2133 833,2134 799,2137 765,2139 731,2141 696,2144 662,2146 628,2148 594,2149 559,2152 525,2153 491,2154 457,2156"/>
                <Baseline points="457,2233 491,2231 525,2230 559,2229 594,2226 628,2225 662,2223 696,2221 731,2218 765,2216 799,2214 833,2211 868,2210 902,2208 936,2206 970,2204 1005,2202 1039,2200 1073,2199 1107,2198 1142,2197"/>
                <TextEquiv>
                    <Unicode>Oolith liegt.</Unicode>
                </TextEquiv>
            </TextLine>
            <TextLine id="r2l14" custom="readingOrder {index:12;}">
                <Coords points="618,2516 786,2504 954,2494 1122,2485 1290,2477 1459,2471 1627,2466 1795,2461 1963,2458 2131,2455 2300,2453 2468,2451 2636,2449 2804,2447 2972,2446 3141,2444 3309,2443 3477,2441 3645,2438 3813,2435 3982,2431 3982,2310 3813,2314 3645,2317 3477,2320 3309,2322 3141,2323 2972,2325 2804,2326 2636,2328 2468,2330 2300,2332 2131,2334 1963,2337 1795,2340 1627,2345 1459,2350 1290,2356 1122,2364 954,2373 786,2383 618,2395"/>
                <Baseline points="618,2476 786,2464 954,2454 1122,2445 1290,2437 1459,2431 1627,2426 1795,2421 1963,2418 2131,2415 2300,2413 2468,2411 2636,2409 2804,2407 2972,2406 3141,2404 3309,2403 3477,2401 3645,2398 3813,2395 3982,2391"/>
                <TextEquiv>
                    <Unicode>16. Juni. Morgens m. Ali zum Maimbwi; nichts!</Unicode>
                </TextEquiv>
            </TextLine>
            <TextLine id="r2l15" custom="readingOrder {index:13;}">
                <Coords points="530,2670 655,2669 780,2669 906,2667 1031,2664 1156,2661 1282,2657 1407,2653 1532,2649 1658,2644 1783,2639 1908,2634 2034,2629 2159,2623 2284,2618 2410,2613 2535,2608 2660,2603 2786,2598 2911,2594 3037,2591 3037,2471 2911,2474 2786,2478 2660,2483 2535,2488 2410,2493 2284,2498 2159,2503 2034,2509 1908,2514 1783,2519 1658,2524 1532,2529 1407,2533 1282,2537 1156,2541 1031,2544 906,2547 780,2549 655,2549 530,2550"/>
                <Baseline points="530,2630 655,2629 780,2629 906,2627 1031,2624 1156,2621 1282,2617 1407,2613 1532,2609 1658,2604 1783,2599 1908,2594 2034,2589 2159,2583 2284,2578 2410,2573 2535,2568 2660,2563 2786,2558 2911,2554 3037,2551"/>
                <TextEquiv>
                    <Unicode>Zu d. Gräben bis jenseits d. Barrabarra.</Unicode>
                </TextEquiv>
            </TextLine>
            <TextLine id="r2l16" custom="readingOrder {index:14;}">
                <Coords points="585,2818 752,2820 919,2820 1086,2819 1254,2816 1421,2812 1588,2806 1756,2800 1923,2792 2090,2783 2258,2775 2425,2766 2592,2756 2759,2746 2927,2737 3094,2728 3261,2719 3429,2711 3596,2702 3763,2696 3931,2690 3931,2591 3763,2597 3596,2603 3429,2612 3261,2620 3094,2629 2927,2638 2759,2647 2592,2657 2425,2667 2258,2676 2090,2684 1923,2693 1756,2701 1588,2707 1421,2713 1254,2717 1086,2720 919,2721 752,2721 585,2719"/>
                <Baseline points="585,2785 752,2787 919,2787 1086,2786 1254,2783 1421,2779 1588,2773 1756,2767 1923,2759 2090,2750 2258,2742 2425,2733 2592,2723 2759,2713 2927,2704 3094,2695 3261,2686 3429,2678 3596,2669 3763,2663 3931,2657"/>
                <TextEquiv>
                    <Unicode>Abends erklärt Ali auf d. linken Auge plötzlich nicht</Unicode>
                </TextEquiv>
            </TextLine>
            <TextLine id="r2l17" custom="readingOrder {index:15;}">
                <Coords points="475,2983 636,2977 798,2972 960,2965 1122,2959 1284,2953 1445,2946 1607,2939 1769,2932 1931,2925 2093,2918 2254,2911 2416,2903 2578,2896 2740,2890 2902,2882 3063,2875 3225,2869 3387,2862 3549,2855 3711,2850 3711,2751 3549,2756 3387,2763 3225,2770 3063,2776 2902,2783 2740,2791 2578,2797 2416,2804 2254,2812 2093,2819 1931,2826 1769,2833 1607,2840 1445,2847 1284,2854 1122,2860 960,2866 798,2873 636,2878 475,2884"/>
                <Baseline points="475,2950 636,2944 798,2939 960,2932 1122,2926 1284,2920 1445,2913 1607,2906 1769,2899 1931,2892 2093,2885 2254,2878 2416,2870 2578,2863 2740,2857 2902,2849 3063,2842 3225,2836 3387,2829 3549,2822 3711,2817"/>
                <TextEquiv>
                    <Unicode>sehen zu können. Nachts heftiger Schmerz, seitdem</Unicode>
                </TextEquiv>
            </TextLine>
            <TextLine id="r2l18" custom="readingOrder {index:16;}">
                <Coords points="498,3141 584,3141 671,3139 758,3137 845,3135 932,3132 1019,3128 1105,3125 1192,3121 1279,3117 1366,3113 1453,3108 1540,3103 1627,3100 1713,3095 1800,3091 1887,3087 1974,3083 2061,3080 2148,3077 2235,3075 2235,2958 2148,2960 2061,2963 1974,2966 1887,2970 1800,2974 1713,2978 1627,2983 1540,2986 1453,2991 1366,2996 1279,3000 1192,3004 1105,3008 1019,3011 932,3015 845,3018 758,3020 671,3022 584,3024 498,3024"/>
                <Baseline points="498,3102 584,3102 671,3100 758,3098 845,3096 932,3093 1019,3089 1105,3086 1192,3082 1279,3078 1366,3074 1453,3069 1540,3064 1627,3061 1713,3056 1800,3052 1887,3048 1974,3044 2061,3041 2148,3038 2235,3036"/>
                <TextEquiv>
                    <Unicode>verminderte Sehfähigkeit.</Unicode>
                </TextEquiv>
            </TextLine>
            <TextLine id="r2l19" custom="readingOrder {index:17;}">
                <Coords points="564,3344 735,3335 906,3326 1077,3317 1248,3309 1419,3300 1590,3291 1761,3282 1932,3274 2103,3265 2274,3257 2445,3248 2616,3240 2787,3232 2958,3223 3129,3216 3300,3209 3471,3201 3642,3193 3813,3186 3985,3179 3985,3062 3813,3069 3642,3076 3471,3084 3300,3092 3129,3099 2958,3106 2787,3115 2616,3123 2445,3131 2274,3140 2103,3148 1932,3157 1761,3165 1590,3174 1419,3183 1248,3192 1077,3200 906,3209 735,3218 564,3227"/>
                <Baseline points="564,3305 735,3296 906,3287 1077,3278 1248,3270 1419,3261 1590,3252 1761,3243 1932,3235 2103,3226 2274,3218 2445,3209 2616,3201 2787,3193 2958,3184 3129,3177 3300,3170 3471,3162 3642,3154 3813,3147 3985,3140"/>
                <TextEquiv>
                    <Unicode>17. Juni. Zur barrabarra hinab, da bedeckter Himmel.</Unicode>
                </TextEquiv>
            </TextLine>
            <TextLine id="r2l20" custom="readingOrder {index:18;}">
                <Coords points="438,3507 607,3498 777,3489 946,3480 1116,3471 1285,3462 1455,3452 1624,3443 1794,3433 1963,3424 2133,3415 2303,3407 2472,3398 2642,3389 2811,3381 2981,3374 3150,3367 3320,3361 3489,3355 3659,3349 3829,3345 3829,3228 3659,3232 3489,3238 3320,3244 3150,3250 2981,3257 2811,3264 2642,3272 2472,3281 2303,3290 2133,3298 1963,3307 1794,3316 1624,3326 1455,3335 1285,3345 1116,3354 946,3363 777,3372 607,3381 438,3390"/>
                <Baseline points="438,3468 607,3459 777,3450 946,3441 1116,3432 1285,3423 1455,3413 1624,3404 1794,3394 1963,3385 2133,3376 2303,3368 2472,3359 2642,3350 2811,3342 2981,3335 3150,3328 3320,3322 3489,3316 3659,3310 3829,3306"/>
                <TextEquiv>
                    <Unicode>Wollte schon längst nachsehen, ob wir in d. Ebene</Unicode>
                </TextEquiv>
            </TextLine>
            <TextLine id="r2l21" custom="readingOrder {index:19;}">
                <Coords points="484,3650 652,3639 821,3629 989,3620 1158,3611 1326,3603 1495,3595 1663,3588 1832,3580 2000,3573 2169,3566 2338,3560 2506,3553 2675,3546 2843,3540 3012,3533 3180,3525 3349,3517 3517,3510 3686,3501 3855,3491 3855,3370 3686,3380 3517,3389 3349,3396 3180,3404 3012,3412 2843,3419 2675,3425 2506,3432 2338,3439 2169,3445 2000,3452 1832,3459 1663,3467 1495,3474 1326,3482 1158,3490 989,3499 821,3508 652,3518 484,3529"/>
                <Baseline points="484,3610 652,3599 821,3589 989,3580 1158,3571 1326,3563 1495,3555 1663,3548 1832,3540 2000,3533 2169,3526 2338,3520 2506,3513 2675,3506 2843,3500 3012,3493 3180,3485 3349,3477 3517,3470 3686,3461 3855,3451"/>
                <TextEquiv>
                    <Unicode>noch nicht brennen können. Leider noch kein</Unicode>
                </TextEquiv>
            </TextLine>
            <TextLine id="r2l22" custom="readingOrder {index:20;}">
                <Coords points="537,3830 680,3819 824,3808 968,3798 1112,3787 1256,3778 1400,3769 1543,3760 1687,3752 1831,3744 1975,3737 2119,3729 2263,3723 2407,3716 2550,3711 2694,3706 2838,3701 2982,3696 3126,3693 3270,3689 3414,3687 3414,3566 3270,3568 3126,3572 2982,3575 2838,3580 2694,3585 2550,3590 2407,3595 2263,3602 2119,3608 1975,3616 1831,3623 1687,3631 1543,3639 1400,3648 1256,3657 1112,3666 968,3677 824,3687 680,3698 537,3709"/>
                <Baseline points="537,3790 680,3779 824,3768 968,3758 1112,3747 1256,3738 1400,3729 1543,3720 1687,3712 1831,3704 1975,3697 2119,3689 2263,3683 2407,3676 2550,3671 2694,3666 2838,3661 2982,3656 3126,3653 3270,3649 3414,3647"/>
                <TextEquiv>
                    <Unicode>Gedanke daran. Im N. um Tendag. zurück.</Unicode>
                </TextEquiv>
            </TextLine>
            <TextLine id="r2l23" custom="readingOrder {index:21;}">
                <Coords points="617,3992 780,3987 944,3981 1107,3975 1271,3969 1435,3962 1598,3955 1762,3948 1925,3940 2089,3932 2253,3924 2416,3916 2580,3908 2743,3900 2907,3892 3071,3884 3234,3876 3398,3869 3561,3862 3725,3855 3889,3848 3889,3727 3725,3734 3561,3741 3398,3748 3234,3755 3071,3763 2907,3771 2743,3779 2580,3787 2416,3795 2253,3803 2089,3811 1925,3819 1762,3827 1598,3834 1435,3841 1271,3848 1107,3854 944,3860 780,3866 617,3871"/>
                <Baseline points="617,3952 780,3947 944,3941 1107,3935 1271,3929 1435,3922 1598,3915 1762,3908 1925,3900 2089,3892 2253,3884 2416,3876 2580,3868 2743,3860 2907,3852 3071,3844 3234,3836 3398,3829 3561,3822 3725,3815 3889,3808"/>
                <TextEquiv>
                    <Unicode>18. Juni: Mit Salesi u. 2 Mann den Kipande-Bach</Unicode>
                </TextEquiv>
            </TextLine>
            <TextLine id="r2l24" custom="readingOrder {index:22;} textStyle {offset:35; length:3;underlined:true; fontSize:0.0; kerning:0; superscript:true;}">
                <Coords points="397,4188 567,4179 738,4170 909,4161 1080,4152 1251,4144 1422,4137 1593,4129 1764,4121 1935,4114 2106,4107 2276,4099 2447,4091 2618,4083 2789,4075 2960,4066 3131,4058 3302,4048 3473,4037 3644,4027 3815,4015 3815,3894 3644,3906 3473,3916 3302,3927 3131,3937 2960,3945 2789,3954 2618,3962 2447,3970 2276,3978 2106,3986 1935,3993 1764,4000 1593,4008 1422,4016 1251,4023 1080,4031 909,4040 738,4049 567,4058 397,4067"/>
                <Baseline points="397,4148 567,4139 738,4130 909,4121 1080,4112 1251,4104 1422,4097 1593,4089 1764,4081 1935,4074 2106,4067 2276,4059 2447,4051 2618,4043 2789,4035 2960,4026 3131,4018 3302,4008 3473,3997 3644,3987 3815,3975"/>
                <TextEquiv>
                    <Unicode>hinab bis zur Knochenstelle in d. 2ten Stufe, die ich</Unicode>
                </TextEquiv>
            </TextLine>
            <TextLine id="r2l25" custom="readingOrder {index:23;}">
                <Coords points="468,4342 637,4333 806,4324 975,4315 1145,4307 1314,4299 1483,4291 1652,4283 1822,4275 1991,4268 2160,4261 2329,4253 2499,4246 2668,4239 2837,4231 3006,4224 3176,4216 3345,4208 3514,4201 3683,4193 3853,4185 3853,4064 3683,4072 3514,4080 3345,4087 3176,4095 3006,4103 2837,4110 2668,4118 2499,4125 2329,4132 2160,4140 1991,4147 1822,4154 1652,4162 1483,4170 1314,4178 1145,4186 975,4194 806,4203 637,4212 468,4221"/>
                <Baseline points="468,4302 637,4293 806,4284 975,4275 1145,4267 1314,4259 1483,4251 1652,4243 1822,4235 1991,4228 2160,4221 2329,4213 2499,4206 2668,4199 2837,4191 3006,4184 3176,4176 3345,4168 3514,4161 3683,4153 3853,4145"/>
                <TextEquiv>
                    <Unicode>vorm Jahr dort fand. Anscheinend noch nicht abwärts</Unicode>
                </TextEquiv>
            </TextLine>
            <TextLine id="r2l26" custom="readingOrder {index:24;}">
                <Coords points="494,4524 658,4510 823,4498 987,4487 1152,4476 1316,4467 1481,4458 1645,4450 1810,4442 1974,4436 2139,4429 2304,4422 2468,4416 2633,4410 2797,4404 2962,4398 3126,4392 3291,4386 3455,4379 3620,4372 3785,4365 3785,4244 3620,4251 3455,4258 3291,4265 3126,4271 2962,4277 2797,4283 2633,4289 2468,4295 2304,4301 2139,4308 1974,4315 1810,4321 1645,4329 1481,4337 1316,4346 1152,4355 987,4366 823,4377 658,4389 494,4403"/>
                <Baseline points="494,4484 658,4470 823,4458 987,4447 1152,4436 1316,4427 1481,4418 1645,4410 1810,4402 1974,4396 2139,4389 2304,4382 2468,4376 2633,4370 2797,4364 2962,4358 3126,4352 3291,4346 3455,4339 3620,4332 3785,4325"/>
                <TextEquiv>
                    <Unicode>gespült, so daß ich bei d. Knochen selbst Grabung</Unicode>
                </TextEquiv>
            </TextLine>
            <TextLine id="r2l27" custom="readingOrder {index:25;}">
                <Coords points="492,4695 651,4684 810,4674 970,4665 1129,4656 1289,4648 1448,4640 1608,4632 1767,4624 1927,4617 2086,4610 2245,4603 2405,4596 2564,4588 2724,4582 2883,4574 3043,4566 3202,4559 3362,4551 3521,4541 3681,4532 3681,4418 3521,4427 3362,4437 3202,4445 3043,4452 2883,4460 2724,4468 2564,4474 2405,4482 2245,4489 2086,4496 1927,4503 1767,4510 1608,4518 1448,4526 1289,4534 1129,4542 970,4551 810,4560 651,4570 492,4581"/>
                <Baseline points="492,4657 651,4646 810,4636 970,4627 1129,4618 1289,4610 1448,4602 1608,4594 1767,4586 1927,4579 2086,4572 2245,4565 2405,4558 2564,4550 2724,4544 2883,4536 3043,4528 3202,4521 3362,4513 3521,4503 3681,4494"/>
                <TextEquiv>
                    <Unicode>ansetze. Dann Fluß abwärts, um zu sehen,</Unicode>
                </TextEquiv>
            </TextLine>
            <TextLine id="r2l28" custom="readingOrder {index:26;}">
                <Coords points="450,4857 617,4845 785,4833 952,4823 1120,4812 1287,4803 1455,4793 1622,4784 1790,4776 1957,4769 2125,4762 2293,4756 2460,4750 2628,4745 2795,4741 2963,4737 3130,4735 3298,4733 3465,4732 3633,4732 3801,4733 3801,4619 3633,4618 3465,4618 3298,4619 3130,4621 2963,4623 2795,4627 2628,4631 2460,4636 2293,4642 2125,4648 1957,4655 1790,4662 1622,4670 1455,4679 1287,4689 1120,4698 952,4709 785,4719 617,4731 450,4743"/>
                <Baseline points="450,4819 617,4807 785,4795 952,4785 1120,4774 1287,4765 1455,4755 1622,4746 1790,4738 1957,4731 2125,4724 2293,4718 2460,4712 2628,4707 2795,4703 2963,4699 3130,4697 3298,4695 3465,4694 3633,4694 3801,4695"/>
                <TextEquiv>
                    <Unicode>wohin das führe. Noch manchen Knochen u. zahl„</Unicode>
                </TextEquiv>
            </TextLine>
            <TextEquiv>
                <Unicode>17
die d. ganzen Hinterleib bis auf Haut u. Knochen
weggefressen hatten. Wäre schon etwas vor 11
zu Haus angelangt, besichtigte aber erst die Gräben
am Wege. Fand einen alten Aufseher schlafend, der
höchst erstaunt über mein Erscheinen war. Ich
14. Juni. Zurückgeschickt, um d. Affenschädel zu holen,
bereits nicht mehr zu finden. Dafür Fossilien vom
Steilabstieg rechts des Mtapa, wo ich gestern
Trigonia Beyschlagi fand, während linksseitig auf
d. Plateau aber tiefer als jenes Konglomerat
Oolith liegt.
16. Juni. Morgens m. Ali zum Maimbwi; nichts!
Zu d. Gräben bis jenseits d. Barrabarra.
Abends erklärt Ali auf d. linken Auge plötzlich nicht
sehen zu können. Nachts heftiger Schmerz, seitdem
verminderte Sehfähigkeit.
17. Juni. Zur barrabarra hinab, da bedeckter Himmel.
Wollte schon längst nachsehen, ob wir in d. Ebene
noch nicht brennen können. Leider noch kein
Gedanke daran. Im N. um Tendag. zurück.
18. Juni: Mit Salesi u. 2 Mann den Kipande-Bach
hinab bis zur Knochenstelle in d. 2ten Stufe, die ich
vorm Jahr dort fand. Anscheinend noch nicht abwärts
gespült, so daß ich bei d. Knochen selbst Grabung
ansetze. Dann Fluß abwärts, um zu sehen,
wohin das führe. Noch manchen Knochen u. zahl„</Unicode>
            </TextEquiv>
        </TextRegion>
    </Page>
</PcGts>
