4292 5213
308 347 423 412 28
604 328 3874 550 erreicht u. dort nach u. nach Leute getroffen, die
596 534 3903 750 ich nach allen Richtungen sandte. Endloser Rück„
608 719 3438 973 weg. In d. Gräben nichts von Bedeutung.
729 909 3722 1131 Abds. im Dunkelwerden kam d. Beute an, die
515 1088 3790 1260 ich so gern in situ photographiert hätte. Im Lager
502 1248 3752 1484 heller Jubel. Einer brachte ein Stück Fleisch zur
502 1411 3786 1638 Seite. Mit möglichst grimmigen Zorn versetzte
590 1578 3837 1795 ich ihm eine Ohrfeige u. war überrascht zu sehen,
614 1735 3792 1984 wie die ganze Korona scheu auswich, als wollte
632 2006 1673 2163 ich Alle schlagen.
833 2083 3222 2353 20 Juli: Vorm. Nach Kindope; bisher wenig Erfolg.
702 2223 3681 2528 Janensch noch nicht zurück. Die Wangoni brachten eine
636 2393 3770 2683 große Riesenschlange vom Graben mit, die einen Buschbock zu
618 2550 3812 2831 verschlingen begonnen hatte; d. Gehörn war aber wie durch
634 2700 3743 2988 ein Zurückziehen ( des (also noch nicht getöteten?) Opfers der
649 2864 3781 3138 Schlange aus der Kehle gedrungen u. beide Tiere waren
636 3062 3785 3289 in dieser eigenartigen Kampfstellung eingegangen. Die
622 3240 3622 3456 Antilope hatten d. Wangoni schon als Braten beiseite
648 3384 3632 3596 gebracht, ich konnte daher nur den Schädel im Rachen
664 3619 1447 3723 photographieren.
798 3724 2545 3909 21. Juli: Mittags Janensch zurück.
813 3841 3689 4044 22 „ : Vorm. Auf Kindope. Es beginnt zu werden.
791 4023 3701 4206 23 „ Auf d. Wege zum Graben im Tingutinguti fanden d.
632 4308 981 4377 Wangoni
1030 4229 1184 4283 Spuren
981 4161 3782 4360 eines frisch vom Leoparden geschlagenen Warzenschweins. Ich
594 4292 3827 4567 sagte sie sollten den Schädel suchen. Mittags erklärten sie den
598 4487 3823 4726 Kadaver gefunden zu haben u. führten mich an d. Stelle.
