4292 5213
267 281 386 352 58
419 287 3929 468 schwarzen Ameisen erfüllt, von denen ein starker Heereszug
408 410 3913 628 vorüberkam. Als ich sie mit etwas Wasser vertrieb, zogen sie
494 563 3870 747 unter deutlichem Gesurr u. Gezische ab. Bis zur Plateaukante in
460 688 3908 902 ziemlicher Finsternis, auch hier der sonst sichtbare Tendag. noch nicht
479 819 3882 1044 erkennbar, zumal in d. Tiefe stellenweis Nebel lag. Am Wege
445 950 3862 1200 sehr bald unter der Höhe ein Zeichen, daß der Weg zu einem
480 1137 3869 1341 uns früher gemeldeten Knochenfund abzweige. Es war mir nicht
444 1316 3868 1514 um die Knochen, aber um ihre Einfügung in's Gesamtprofil zu
474 1485 3876 1662 tun, ich mußte also den Umweg machen u. fand von oben nach
468 1727 865 1829 unten:
1225 1667 2877 1794 Plateaurand bei Barom. 727 mm.
867 1784 2756 1955 Tiefere deutliche Kante „ „ 732 „
2970 1695 3861 1804 } Diff. 60 m. (22°C)
579 1969 1889 2060 Mergel wie Saurierschichten, übersät
234 2057 1547 2193 („4. Stufe“) m. Newala-Sandst. u. grobem
1398 2052 1590 2101 roten
1547 1972 2730 2148 Konglomerat „ „ 735 „
2959 1888 3523 2000 } „ 30 „
531 2199 2020 2332 Auf diesem sehr sanft abwärts (lang vor„
599 2260 2733 2456 geschobener Rücken: „Nase‟) bis „ 738 „
2942 2173 3531 2294 } „ 30 „
732 2435 2723 2588 Weißer fester Sandstein „ „ 744 „
1207 2559 2067 2653 (Tendaguru-Horizont?)
2944 2395 3492 2506 } „ 70 „
604 2650 1898 2759 Abermals Sauriermergel
1225 2623 2790 2849 (3. Stufe?) „ „ 745-747 „
2968 2571 3525 2681 } „ 10-30 „
409 2853 3899 3100 Hier stand die Hütte des Knochenfinders, leider war sie leer u. sonst
428 3007 3832 3249 niemand in d. Nähe. Mein Führer wußte nur, daß d. Knochen
436 3169 3945 3396 nahe dabei u. zwar anscheinend etwas höher als d. Haus (747 mm)
431 3330 3881 3535 lägen, aber das genügte. Der Mahimira-Berg, eine deutliche
420 3466 3852 3699 Landmarke, auf den ich von oben herabgesehen hatte, lag jetzt
444 3652 3718 3824 zweifellos höher. Ich konstatierte auf ihm nach ca. 2 Std.
448 3822 2315 3957 einen Barometerstand von 739 mm
2283 3746 2793 3796 (bei 28° C um (8 ½h))
2315 3767 3749 3873 u. anstehendes rotes Konglo„
457 3878 3813 4107 merat, unter dem dann fossilführend der Tendaguru-Horiz. (mit
461 4197 1082 4267 Ammoniten
1070 4078 1320 4155 747 mm
1082 4076 3278 4230 , dann Saurierschicht (mit Knochenfund)
3288 4023 3404 4065 749 mm
3278 4067 3797 4109 und end„
492 4200 3929 4451 lich der Oolith des Mtshingiri (oberster Trigonien-Horizont) folgten, eine
475 4376 3911 4593 mit dem Befund beim Tendag. u. Namunda sehr wohl über„
481 4574 2048 4744 einstimmende Schichtenfolge.
683 4747 3850 4892 Einstweilen führte ein schmaler Pfad weiter abwärts an
