4292 5213
275 276 412 342 50
506 298 3697 512 7. Oct. Graben am Westfuße des Tendaguru angesetzt u.
531 447 3910 624 auch das kleine mäßige Fischlager nochmals in Angriff
507 585 3932 788 genommen. Nachm. Zähne verpackt, viel Arbeit. „Südring“
760 745 3791 933 Mittags 12 Uhr Regen. Inselberge im W. mit
583 966 1971 1114 Theoduliten angepeilt.
682 1076 3271 1338 8 Oct. Nachm. Poscho. Zähne verpackt.
577 1314 3544 1536 Sonntag d. 9. Oct: „Jesus“. Postankunft. Sofort einen
594 1420 3619 1691 Wunsch Richards hinsichtlich einer Presse-Äußerung
629 1547 3701 1832 über Verkehrswissenschaft erfüllt. Die Absicht Richard
664 1683 3728 1969 zu helfen, läßt mich über die kleineTäuschung, die
666 1845 3285 2118 darin liegt hinwegkommen. Trotz Jesus?
770 2024 3625 2276 Zeitungen gelesen. Brief an Richard. Schöner
594 2297 1179 2435 Ruhetag.
838 2353 3831 2584 10 Oct: Lasten nach Lindi abgefertigt, auch einen
661 2546 3477 2723 Teil meiner Gehörne. Kindope-Gräben.
350 2730 1495 2891 Nachm: Zeitungen.
861 2818 3680 3038 11. Oct. Mittags Janensch zurück. Allerhand mit ihm zu
693 3046 1215 3159 besprechen.
874 3115 3826 3331 12. Oct. Um 4 aufgestanden. Größten Halswirbel von Skelett L
674 3230 3841 3455 weiter verpackt, dabei brach ein Stück Gips aus u. ich wartete,
667 3385 3793 3615 bis Janesch den Schaden besehen konnte, was freilich er„
677 3522 3739 3756 hebliche Zeit dauerte. Auch dann noch viel Schwierigkeiten,
630 3673 3767 3898 mußten die Träger auf 16, dann auf 24 erhöhen (Wangoni,
699 3825 3725 4044 abwechselnd 12 u. 12) Um 10 Uhr konnte ich endlich nach
708 4004 3867 4204 Lindi aufbrechen, eine mir sehr unsympathische Stunde.
648 4172 3729 4360 Doch war es mittags fast ständig bedeckt, es mar„
657 4352 3737 4510 schierte sich sehr angenehm. Ich nahm die Route auf, da
610 4510 3701 4681 ich ohnehin in der Nähe der Last bleiben mußte u.
714 4670 3779 4847 nur langsam gehen durfte. Weg vielfach zu eng, daher
