4292 5213
281 363 421 438 34
558 304 3790 521 hier die Möglichkeit, früh zurückzukehren u. die der
601 470 3670 677 Jagdlust geopferte schöne Sonntags-Lagerruhe zu
633 692 3877 809 genießen. Um 4 aufgestanden. Von 5-1 Uhr unterwegs.
556 815 3835 1008 Ziemlich früh sah ich 2 helle schlanke Antilopen u. ahnte
597 965 3692 1180 schon Riedböcke, obwohl wir bisher nicht d. geringste
601 1132 3830 1352 Kunde von deren Anwesenheit in unsrer Umgebung
624 1300 3678 1520 hatten. Nach längrer Streife traf ich sie wieder u.
559 1463 3813 1678 konnte d. Männchen auf mindestens 100 m. glücklich
608 1613 3785 1837 erlegen, schönes Tier. Dann auf gemeldete Barappis.
654 1772 3851 1998 Jagden sie zufällig im hohen Grase auf, als ich grade
620 1936 3879 2152 die Büchse nicht selber trug. Fürchterliche Verfolgung durch
630 2081 3696 2296 - freilich meist niederes - Gras u. greuliches Geröll,
604 2242 3736 2477 in dem kaum einmal eine Spur zu verfolgen
618 2415 3615 2645 war, aber mit gutem Winde. Mußte wieder
630 2566 3849 2798 weit schießen, als ich die herrlichen Tiere auf einer
660 2727 3810 2960 gegenüberliegenden Anhöhe stehen sah. Das offenbar
638 2891 3663 3130 getroffene Tier humpelte langsam hinterdrein u.
661 3023 3729 3297 als ich an seiner Stelle stand, lag es unten im
683 3189 3683 3469 Tal, sprang aber auf u. flüchtete schnell; eine
653 3353 3695 3645 nachgesandte Kugel ging fehl. Nun wurde alles
682 3548 3778 3802 genau abgesucht. Nach langer Zeit scheuchte ich schon
641 3738 3671 3983 halbwegs zum Mtshingiri unter dem Lipogiro die
610 3900 3678 4142 Herde wieder auf u. schoß 3 mal während d. Flucht
716 4094 3710 4341 auf ein großes schwarzes Exemplar, offenbar ohne
671 4282 3720 4511 Erfolg. Ich suchte weiter nach d. Angeschossenen, aber
722 4471 3758 4703 keinerlei Spuren in dem endlosen Revier, so daß
