<?xml version="1.0" encoding="UTF-8" standalone="yes"?>
<PcGts xmlns="http://schema.primaresearch.org/PAGE/gts/pagecontent/2013-07-15" xmlns:xsi="http://www.w3.org/2001/XMLSchema-instance" xsi:schemaLocation="http://schema.primaresearch.org/PAGE/gts/pagecontent/2013-07-15 http://schema.primaresearch.org/PAGE/gts/pagecontent/2013-07-15/pagecontent.xsd">
    <Metadata>
        <Creator>prov=University of Rostock/Institute of Mathematics/CITlab/Tobias Gruening/tobias.gruening@uni-rostock.de:name=/net_tf/LA73_249_0mod360.pb:de.uros.citlab.segmentation.CITlab_LA_ML:v=2.4.1
TRP</Creator>
        <Created>2019-08-02T07:17:37.626+02:00</Created>
        <LastChange>2020-04-02T16:33:58.363+02:00</LastChange>
        <TranskribusMetadata docId="190842" pageId="7550956" pageNr="75" tsid="26896697" status="GT" userId="34979" imgUrl="https://files.transkribus.eu/Get?id=USVINXEPLWGZOQPQCTGTVYJF&amp;fileType=view" xmlUrl="https://files.transkribus.eu/Get?id=WFDDCDBJQBGKSNKBLAAJYBLP" imageId="4551834"/>
    </Metadata>
    <Page imageFilename="UAT_407_081_075.jpg" imageWidth="4292" imageHeight="5213">
        <ReadingOrder>
            <OrderedGroup id="ro_1612256489439" caption="Regions reading order">
                <RegionRefIndexed index="0" regionRef="r5"/>
            </OrderedGroup>
        </ReadingOrder>
        <TextRegion orientation="0.0" id="r5" custom="readingOrder {index:0;}">
            <Coords points="332,204 332,4999 4029,4999 4029,204"/>
            <TextLine id="r5l1" custom="readingOrder {index:0;} structure {type:page-number;}">
                <Coords points="3857,309 3882,310 3907,314 3932,318 3957,321 3957,216 3932,213 3907,209 3882,205 3857,204"/>
                <Baseline points="3857,274 3882,275 3907,279 3932,283 3957,286"/>
                <TextEquiv>
                    <Unicode>73</Unicode>
                </TextEquiv>
            </TextLine>
            <TextLine id="r5l2" custom="readingOrder {index:1;}">
                <Coords points="332,472 505,463 679,455 852,448 1026,443 1200,438 1373,434 1547,431 1721,429 1894,427 2068,425 2242,424 2415,423 2589,423 2763,422 2936,421 3110,420 3284,419 3457,417 3631,415 3805,412 3805,307 3631,310 3457,312 3284,314 3110,315 2936,316 2763,317 2589,318 2415,318 2242,319 2068,320 1894,322 1721,324 1547,326 1373,329 1200,333 1026,338 852,343 679,350 505,358 332,367"/>
                <Baseline points="332,437 505,428 679,420 852,413 1026,408 1200,403 1373,399 1547,396 1721,394 1894,392 2068,390 2242,389 2415,388 2589,388 2763,387 2936,386 3110,385 3284,384 3457,382 3631,380 3805,377"/>
                <TextEquiv>
                    <Unicode>da bedeckt, fühlte aber Kopfschmerz. Wieder Chinin geschluckt.</Unicode>
                </TextEquiv>
            </TextLine>
            <TextLine id="r5l3" custom="readingOrder {index:2;}">
                <Coords points="439,605 616,598 793,592 970,587 1147,583 1324,580 1501,577 1678,575 1855,573 2032,572 2209,571 2386,571 2563,570 2740,570 2917,570 3094,570 3271,569 3448,569 3625,568 3802,566 3979,565 3979,462 3802,463 3625,465 3448,466 3271,466 3094,467 2917,467 2740,467 2563,467 2386,468 2209,468 2032,469 1855,470 1678,472 1501,474 1324,477 1147,480 970,484 793,489 616,495 439,502"/>
                <Baseline points="439,571 616,564 793,558 970,553 1147,549 1324,546 1501,543 1678,541 1855,539 2032,538 2209,537 2386,537 2563,536 2740,536 2917,536 3094,536 3271,535 3448,535 3625,534 3802,532 3979,531"/>
                <TextEquiv>
                    <Unicode>Nach Tisch doch noch zu Skelett A, aber sehr enttäuscht, viel Bruchstücke.</Unicode>
                </TextEquiv>
            </TextLine>
            <TextLine id="line_1566376304612_212" custom="readingOrder {index:3;}">
                <Coords points="443,651 515,646 661,637 697,635 842,629 879,628 1527,618 1775,615 2147,611 2519,608 2644,607 2892,606 3388,606 3885,610 3885,713 443,756"/>
                <Baseline points="1403,689 1527,687 1651,686 1775,684 1899,683 2023,682 2147,680 2271,679 2395,678 2519,677 2644,676 2768,676 2892,675 3016,675 3140,675 3264,675 3388,675 3512,676 3636,677 3760,678 3885,679 443,721 479,719 515,716 552,714 588,712 624,710 661,707 697,705 733,704 770,702 806,701 842,699 879,698 915,698 951,698 988,698 1024,699 1060,700 1097,701 1133,703 1170,706"/>
                <TextEquiv>
                    <Unicode>Poscho-Zahlung. Abends starke Kopfschmerzen, sehr früh zu Bett.</Unicode>
                </TextEquiv>
            </TextLine>
            <TextLine id="r5l6" custom="readingOrder {index:4;}">
                <Coords points="781,909 932,907 1083,905 1234,903 1385,902 1536,900 1687,898 1838,897 1989,896 2140,894 2292,892 2443,891 2594,889 2745,887 2896,884 3047,881 3198,878 3349,874 3500,870 3651,865 3803,860 3803,761 3651,766 3500,771 3349,775 3198,779 3047,782 2896,785 2745,788 2594,790 2443,792 2292,793 2140,795 1989,797 1838,798 1687,799 1536,801 1385,803 1234,804 1083,806 932,808 781,810"/>
                <Baseline points="781,876 932,874 1083,872 1234,870 1385,869 1536,867 1687,865 1838,864 1989,863 2140,861 2292,859 2443,858 2594,856 2745,854 2896,851 3047,848 3198,845 3349,841 3500,837 3651,832 3803,827"/>
                <TextEquiv>
                    <Unicode>Morgens d. Meldung, daß ein Leopard ein Huhn geraubt</Unicode>
                </TextEquiv>
            </TextLine>
            <TextLine id="line_1566376327568_221" custom="readingOrder {index:5;}">
                <Coords points="555,979 628,972 702,965 776,960 850,956 998,950 1071,948 2065,927 3753,897 3753,996 3415,1007 3246,1012 2032,1046 1958,1048 555,1084"/>
                <Baseline points="2065,993 2149,993 2233,993 2318,993 2402,992 2487,992 2571,991 2655,990 2740,989 2824,987 2909,986 2993,984 3077,982 3162,980 3246,979 3331,976 3415,974 3499,971 3584,968 3668,965 3753,963 555,1049 628,1042 702,1035 776,1030 850,1026 924,1023 998,1020 1071,1018 1145,1017 1219,1017 1293,1016 1367,1016 1441,1016 1515,1016 1588,1016 1662,1016 1736,1016 1810,1015 1884,1014 1958,1013 2032,1011"/>
                <TextEquiv>
                    <Unicode>hatte; der treue „Jumbe“ hatte sogar auf ihn geschossen. Ich</Unicode>
                </TextEquiv>
            </TextLine>
            <TextLine id="r5l9" custom="readingOrder {index:6;}">
                <Coords points="453,1225 616,1221 779,1217 943,1213 1106,1209 1270,1205 1433,1201 1597,1198 1760,1194 1924,1190 2087,1187 2250,1183 2414,1179 2577,1176 2741,1172 2904,1168 3068,1164 3231,1160 3395,1156 3558,1152 3722,1148 3722,1043 3558,1047 3395,1051 3231,1055 3068,1059 2904,1063 2741,1067 2577,1071 2414,1074 2250,1078 2087,1082 1924,1085 1760,1089 1597,1093 1433,1096 1270,1100 1106,1104 943,1108 779,1112 616,1116 453,1120"/>
                <Baseline points="453,1190 616,1186 779,1182 943,1178 1106,1174 1270,1170 1433,1166 1597,1163 1760,1159 1924,1155 2087,1152 2250,1148 2414,1144 2577,1141 2741,1137 2904,1133 3068,1129 3231,1125 3395,1121 3558,1117 3722,1113"/>
                <TextEquiv>
                    <Unicode>war Nachts einmal hochgefahren, als hätte ich einen Schuß</Unicode>
                </TextEquiv>
            </TextLine>
            <TextLine id="r5l10" custom="readingOrder {index:7;}">
                <Coords points="489,1393 649,1392 809,1390 970,1388 1130,1385 1290,1381 1451,1376 1611,1372 1771,1368 1932,1363 2092,1359 2252,1354 2413,1350 2573,1346 2733,1342 2894,1340 3054,1338 3214,1336 3375,1336 3535,1336 3696,1338 3696,1233 3535,1231 3375,1231 3214,1231 3054,1233 2894,1235 2733,1237 2573,1241 2413,1245 2252,1249 2092,1254 1932,1258 1771,1263 1611,1267 1451,1271 1290,1276 1130,1280 970,1283 809,1285 649,1287 489,1288"/>
                <Baseline points="489,1358 649,1357 809,1355 970,1353 1130,1350 1290,1346 1451,1341 1611,1337 1771,1333 1932,1328 2092,1324 2252,1319 2413,1315 2573,1311 2733,1307 2894,1305 3054,1303 3214,1301 3375,1301 3535,1301 3696,1303"/>
                <TextEquiv>
                    <Unicode>gehört, da aber alles still blieb, glaubte ich eine Ratte</Unicode>
                </TextEquiv>
            </TextLine>
            <TextLine id="r5l11" custom="readingOrder {index:8;}">
                <Coords points="495,1589 671,1582 848,1573 1025,1565 1201,1557 1378,1550 1555,1542 1731,1535 1908,1528 2085,1521 2262,1516 2438,1510 2615,1506 2792,1501 2968,1498 3145,1496 3322,1494 3498,1494 3675,1494 3852,1496 4029,1499 4029,1394 3852,1391 3675,1389 3498,1389 3322,1389 3145,1391 2968,1393 2792,1396 2615,1401 2438,1405 2262,1411 2085,1416 1908,1423 1731,1430 1555,1437 1378,1445 1201,1452 1025,1460 848,1468 671,1477 495,1484"/>
                <Baseline points="495,1554 671,1547 848,1538 1025,1530 1201,1522 1378,1515 1555,1507 1731,1500 1908,1493 2085,1486 2262,1481 2438,1475 2615,1471 2792,1466 2968,1463 3145,1461 3322,1459 3498,1459 3675,1459 3852,1461 4029,1464"/>
                <TextEquiv>
                    <Unicode>hätte etwas herunter geworfen u. schlief sofort wieder ein.</Unicode>
                </TextEquiv>
            </TextLine>
            <TextLine id="line_1566380482098_340" custom="readingOrder {index:9;} textStyle {offset:0; length:15;underlined:true; fontSize:0.0; kerning:0;}">
                <Coords points="626,1687 1071,1671 1169,1668 3629,1596 3727,1594 3727,1699 2464,1751 1615,1782 675,1792 626,1792"/>
                <Baseline points="1784,1730 1881,1730 1978,1729 2075,1727 2172,1725 2269,1722 2366,1719 2464,1716 2561,1712 2658,1707 2755,1703 2852,1699 2949,1694 3046,1689 3144,1685 3241,1680 3338,1676 3435,1672 3532,1669 3629,1666 3727,1664 626,1757 675,1757 724,1755 774,1754 823,1752 873,1750 922,1748 972,1745 1021,1743 1071,1741 1120,1740 1169,1738 1219,1737 1268,1736 1318,1735 1367,1736 1417,1736 1466,1738 1516,1740 1565,1743 1615,1747"/>
                <TextEquiv>
                    <Unicode>Sonntag 4. Dez: Herrlicher Sonntagsmorgen auf d.</Unicode>
                </TextEquiv>
            </TextLine>
            <TextLine id="r5l14" custom="readingOrder {index:10;}">
                <Coords points="565,2016 731,2011 897,2005 1064,1998 1230,1990 1397,1982 1563,1974 1730,1965 1896,1957 2063,1949 2229,1940 2395,1933 2562,1926 2728,1919 2895,1914 3061,1909 3228,1905 3394,1903 3561,1902 3727,1902 3894,1904 3894,1799 3727,1797 3561,1797 3394,1798 3228,1800 3061,1804 2895,1809 2728,1814 2562,1821 2395,1828 2229,1835 2063,1844 1896,1852 1730,1860 1563,1869 1397,1877 1230,1885 1064,1893 897,1900 731,1906 565,1911"/>
                <Baseline points="565,1981 731,1976 897,1970 1064,1963 1230,1955 1397,1947 1563,1939 1730,1930 1896,1922 2063,1914 2229,1905 2395,1898 2562,1891 2728,1884 2895,1879 3061,1874 3228,1870 3394,1868 3561,1867 3727,1867 3894,1869"/>
                <TextEquiv>
                    <Unicode>Berge, heut Ruhetag, da mir irgend etwas in d. Knochen</Unicode>
                </TextEquiv>
            </TextLine>
            <TextLine id="r5l15" custom="readingOrder {index:11;}">
                <Coords points="539,2199 705,2190 871,2183 1037,2174 1204,2167 1370,2161 1536,2153 1702,2147 1869,2141 2035,2135 2201,2130 2367,2124 2534,2119 2700,2114 2866,2110 3032,2105 3199,2101 3365,2098 3531,2094 3697,2091 3864,2088 3864,1983 3697,1986 3531,1989 3365,1993 3199,1996 3032,2000 2866,2005 2700,2009 2534,2014 2367,2019 2201,2025 2035,2030 1869,2036 1702,2042 1536,2048 1370,2056 1204,2062 1037,2069 871,2078 705,2085 539,2094"/>
                <Baseline points="539,2164 705,2155 871,2148 1037,2139 1204,2132 1370,2126 1536,2118 1702,2112 1869,2106 2035,2100 2201,2095 2367,2089 2534,2084 2700,2079 2866,2075 3032,2070 3199,2066 3365,2063 3531,2059 3697,2056 3864,2053"/>
                <TextEquiv>
                    <Unicode>sitzt, ich weiß nicht was. Nur gelesen. Zum vollen Genuß</Unicode>
                </TextEquiv>
            </TextLine>
            <TextLine id="line_1566380489580_346" custom="readingOrder {index:12;}">
                <Coords points="503,2265 631,2259 696,2256 1082,2239 1275,2231 2448,2189 2508,2187 2629,2183 2810,2180 3355,2178 3355,2283 503,2370"/>
                <Baseline points="2146,2282 2206,2276 2266,2271 2327,2266 2387,2263 2448,2259 2508,2257 2569,2255 2629,2253 2690,2252 2750,2251 2810,2250 2871,2250 2931,2250 2992,2250 3052,2250 3113,2250 3173,2249 3234,2249 3294,2249 3355,2248 503,2335 567,2332 631,2329 696,2326 760,2324 824,2321 889,2318 953,2315 1017,2312 1082,2309 1146,2307 1210,2304 1275,2301 1339,2299 1403,2297 1468,2295 1532,2293 1596,2292 1661,2290 1725,2289 1790,2288"/>
                <TextEquiv>
                    <Unicode>kam ich auch heut nicht. Abends Fieber (38,2°)</Unicode>
                </TextEquiv>
            </TextLine>
            <TextLine id="r5l18" custom="readingOrder {index:13;}">
                <Coords points="664,2556 818,2552 972,2546 1126,2541 1280,2534 1434,2527 1588,2520 1742,2511 1896,2504 2050,2496 2204,2488 2358,2480 2512,2472 2666,2466 2820,2460 2974,2454 3128,2449 3282,2446 3436,2443 3590,2442 3745,2442 3745,2337 3590,2337 3436,2338 3282,2341 3128,2344 2974,2349 2820,2355 2666,2361 2512,2367 2358,2375 2204,2383 2050,2391 1896,2399 1742,2406 1588,2415 1434,2422 1280,2429 1126,2436 972,2441 818,2447 664,2451"/>
                <Baseline points="664,2521 818,2517 972,2511 1126,2506 1280,2499 1434,2492 1588,2485 1742,2476 1896,2469 2050,2461 2204,2453 2358,2445 2512,2437 2666,2431 2820,2425 2974,2419 3128,2414 3282,2411 3436,2408 3590,2407 3745,2407"/>
                <TextEquiv>
                    <Unicode>5. Dez. Nachts wieder heftigster Durchfall. Mußte jedoch</Unicode>
                </TextEquiv>
            </TextLine>
            <TextLine id="r5l19" custom="readingOrder {index:14;}">
                <Coords points="542,2725 702,2722 862,2718 1022,2714 1182,2708 1342,2702 1502,2695 1663,2688 1823,2681 1983,2673 2143,2666 2303,2659 2463,2653 2623,2646 2784,2640 2944,2635 3104,2632 3264,2629 3424,2627 3584,2626 3745,2627 3745,2522 3584,2521 3424,2522 3264,2524 3104,2527 2944,2530 2784,2535 2623,2541 2463,2548 2303,2554 2143,2561 1983,2568 1823,2576 1663,2583 1502,2590 1342,2597 1182,2603 1022,2609 862,2613 702,2617 542,2620"/>
                <Baseline points="542,2690 702,2687 862,2683 1022,2679 1182,2673 1342,2667 1502,2660 1663,2653 1823,2646 1983,2638 2143,2631 2303,2624 2463,2618 2623,2611 2784,2605 2944,2600 3104,2597 3264,2594 3424,2592 3584,2591 3745,2592"/>
                <TextEquiv>
                    <Unicode>morgens aufstehen, Briefe zu schreiben u. Lasten abzu„</Unicode>
                </TextEquiv>
            </TextLine>
            <TextLine id="r5l20" custom="readingOrder {index:15;}">
                <Coords points="568,2891 723,2886 878,2881 1033,2876 1188,2869 1344,2864 1499,2857 1654,2850 1809,2844 1964,2837 2120,2830 2275,2824 2430,2818 2585,2812 2740,2807 2896,2801 3051,2797 3206,2792 3361,2789 3516,2786 3672,2784 3672,2679 3516,2681 3361,2684 3206,2687 3051,2692 2896,2696 2740,2702 2585,2707 2430,2713 2275,2719 2120,2725 1964,2732 1809,2739 1654,2745 1499,2752 1344,2759 1188,2764 1033,2771 878,2776 723,2781 568,2786"/>
                <Baseline points="568,2856 723,2851 878,2846 1033,2841 1188,2834 1344,2829 1499,2822 1654,2815 1809,2809 1964,2802 2120,2795 2275,2789 2430,2783 2585,2777 2740,2772 2896,2766 3051,2762 3206,2757 3361,2754 3516,2751 3672,2749"/>
                <TextEquiv>
                    <Unicode>fertigen. Fühlte mich so unwohl u. schwach, daß ich gleich</Unicode>
                </TextEquiv>
            </TextLine>
            <TextLine id="r5l21" custom="readingOrder {index:16;}">
                <Coords points="538,3056 700,3049 863,3041 1025,3033 1188,3026 1350,3018 1513,3010 1675,3002 1838,2995 2000,2989 2163,2983 2326,2977 2488,2973 2651,2969 2813,2966 2976,2964 3138,2964 3301,2965 3463,2966 3626,2970 3789,2975 3789,2870 3626,2865 3463,2861 3301,2860 3138,2859 2976,2859 2813,2861 2651,2864 2488,2868 2326,2872 2163,2878 2000,2884 1838,2890 1675,2897 1513,2905 1350,2913 1188,2921 1025,2928 863,2936 700,2944 538,2951"/>
                <Baseline points="538,3021 700,3014 863,3006 1025,2998 1188,2991 1350,2983 1513,2975 1675,2967 1838,2960 2000,2954 2163,2948 2326,2942 2488,2938 2651,2934 2813,2931 2976,2929 3138,2929 3301,2930 3463,2931 3626,2935 3789,2940"/>
                <TextEquiv>
                    <Unicode>wieder zu Bett ging. Nichts gegessen. Eigentlich Dämmer„</Unicode>
                </TextEquiv>
            </TextLine>
            <TextLine id="r5l22" custom="readingOrder {index:17;}">
                <Coords points="556,3213 715,3210 874,3206 1033,3201 1192,3197 1351,3191 1510,3186 1669,3180 1828,3174 1987,3169 2146,3163 2305,3158 2464,3153 2623,3147 2782,3143 2941,3138 3100,3135 3259,3132 3418,3129 3577,3128 3737,3127 3737,3022 3577,3023 3418,3024 3259,3027 3100,3030 2941,3033 2782,3038 2623,3042 2464,3048 2305,3053 2146,3058 1987,3064 1828,3069 1669,3075 1510,3081 1351,3086 1192,3092 1033,3096 874,3101 715,3105 556,3108"/>
                <Baseline points="556,3178 715,3175 874,3171 1033,3166 1192,3162 1351,3156 1510,3151 1669,3145 1828,3139 1987,3134 2146,3128 2305,3123 2464,3118 2623,3112 2782,3108 2941,3103 3100,3100 3259,3097 3418,3094 3577,3093 3737,3092"/>
                <TextEquiv>
                    <Unicode>zustand bis auf die zahlreichen unerwünschten Unter„</Unicode>
                </TextEquiv>
            </TextLine>
            <TextLine id="r5l23" custom="readingOrder {index:18;}">
                <Coords points="541,3394 573,3390 606,3385 639,3382 672,3379 705,3378 738,3376 771,3376 804,3375 837,3375 870,3375 902,3375 935,3375 968,3376 1001,3376 1034,3376 1067,3376 1100,3376 1133,3375 1166,3374 1199,3372 1199,3267 1166,3269 1133,3270 1100,3271 1067,3271 1034,3271 1001,3271 968,3271 935,3270 902,3270 870,3270 837,3270 804,3270 771,3271 738,3271 705,3273 672,3274 639,3277 606,3280 573,3285 541,3289"/>
                <Baseline points="541,3359 573,3355 606,3350 639,3347 672,3344 705,3343 738,3341 771,3341 804,3340 837,3340 870,3340 902,3340 935,3340 968,3341 1001,3341 1034,3341 1067,3341 1100,3341 1133,3340 1166,3339 1199,3337"/>
                <TextEquiv>
                    <Unicode>brechungen.</Unicode>
                </TextEquiv>
            </TextLine>
            <TextLine id="line_1566380502760_353" custom="readingOrder {index:19;}">
                <Coords points="610,3439 1240,3419 3217,3363 3317,3361 3417,3360 3618,3364 3618,3457 2214,3512 1580,3532 755,3546 658,3546 610,3544"/>
                <Baseline points="1613,3481 1713,3485 1813,3488 1913,3488 2014,3487 2114,3484 2214,3481 2314,3476 2415,3470 2515,3464 2615,3458 2715,3451 2816,3444 2916,3439 3016,3433 3116,3428 3217,3425 3317,3423 3417,3422 3517,3424 3618,3426 610,3509 658,3511 707,3511 755,3511 804,3510 852,3508 901,3507 949,3504 998,3502 1046,3499 1095,3496 1143,3494 1192,3492 1240,3489 1289,3488 1337,3488 1386,3488 1434,3489 1483,3490 1531,3492 1580,3497"/>
                <TextEquiv>
                    <Unicode>6 Dez. Wieder schlechte Nacht, doch bei Tage Ruhe. Im</Unicode>
                </TextEquiv>
            </TextLine>
            <TextLine id="r5l26" custom="readingOrder {index:20;}">
                <Coords points="524,3680 680,3680 836,3678 993,3675 1149,3671 1305,3666 1462,3661 1618,3655 1774,3647 1931,3640 2087,3634 2243,3627 2400,3620 2556,3614 2712,3607 2869,3603 3025,3599 3181,3595 3338,3593 3494,3593 3651,3594 3651,3501 3494,3500 3338,3500 3181,3502 3025,3506 2869,3510 2712,3514 2556,3521 2400,3527 2243,3534 2087,3541 1931,3547 1774,3554 1618,3562 1462,3568 1305,3573 1149,3578 993,3582 836,3585 680,3587 524,3587"/>
                <Baseline points="524,3649 680,3649 836,3647 993,3644 1149,3640 1305,3635 1462,3630 1618,3624 1774,3616 1931,3609 2087,3603 2243,3596 2400,3589 2556,3583 2712,3576 2869,3572 3025,3568 3181,3564 3338,3562 3494,3562 3651,3563"/>
                <TextEquiv>
                    <Unicode>Liegestuhl geblieben, nicht zu den Arbeiten. Gelesen.</Unicode>
                </TextEquiv>
            </TextLine>
            <TextLine id="r5l27" custom="readingOrder {index:21;}">
                <Coords points="497,3865 639,3856 782,3846 925,3837 1067,3828 1210,3818 1353,3810 1495,3801 1638,3793 1781,3786 1924,3778 2066,3770 2209,3763 2352,3756 2494,3750 2637,3743 2780,3737 2922,3732 3065,3727 3208,3722 3351,3718 3351,3657 3208,3661 3065,3666 2922,3671 2780,3676 2637,3682 2494,3689 2352,3695 2209,3702 2066,3709 1924,3717 1781,3725 1638,3732 1495,3740 1353,3749 1210,3757 1067,3767 925,3776 782,3785 639,3795 497,3804"/>
                <Baseline points="497,3845 639,3836 782,3826 925,3817 1067,3808 1210,3798 1353,3790 1495,3781 1638,3773 1781,3766 1924,3758 2066,3750 2209,3743 2352,3736 2494,3730 2637,3723 2780,3717 2922,3712 3065,3707 3208,3702 3351,3698"/>
                <TextEquiv>
                    <Unicode>Abends fühlte ich mich verhältnismäßig wohl.</Unicode>
                </TextEquiv>
            </TextLine>
            <TextLine id="r5l28" custom="readingOrder {index:22;}">
                <Coords points="1161,3904 1225,3901 1290,3897 1355,3894 1420,3890 1484,3887 1549,3884 1614,3880 1679,3878 1743,3874 1808,3872 1873,3869 1938,3866 2002,3862 2067,3860 2132,3857 2197,3853 2261,3851 2326,3847 2391,3845 2456,3841 2456,3780 2391,3784 2326,3786 2261,3790 2197,3792 2132,3796 2067,3799 2002,3801 1938,3805 1873,3808 1808,3811 1743,3813 1679,3817 1614,3819 1549,3823 1484,3826 1420,3829 1355,3833 1290,3836 1225,3840 1161,3843"/>
                <Baseline points="1161,3884 1225,3881 1290,3877 1355,3874 1420,3870 1484,3867 1549,3864 1614,3860 1679,3858 1743,3854 1808,3852 1873,3849 1938,3846 2002,3842 2067,3840 2132,3837 2197,3833 2261,3831 2326,3827 2391,3825 2456,3821"/>
                <TextEquiv>
                    <Unicode>Szene zum „Jesus“ vorm.</Unicode>
                </TextEquiv>
            </TextLine>
            <TextLine id="line_1566380516987_359" custom="readingOrder {index:23;} gap {offset:19; length:0;}">
                <Coords points="570,3923 2893,3849 3036,3845 3179,3842 3321,3840 3464,3840 3607,3842 3750,3845 3893,3850 3893,3917 886,4044 834,4046 807,4045 570,4028"/>
                <Baseline points="1037,3979 1179,3975 1322,3970 1465,3963 1608,3957 1751,3949 1893,3942 2036,3934 2179,3926 2322,3919 2465,3911 2607,3905 2750,3899 2893,3894 3036,3890 3179,3887 3321,3885 3464,3885 3607,3887 3750,3890 3893,3895 570,3993 596,3994 622,3995 649,3997 675,3999 702,4001 728,4004 754,4006 781,4008 807,4010 834,4011 860,4010 886,4009 913,4007 939,4003 966,3997"/>
                <TextEquiv>
                    <Unicode>7. Dez. Zu einigen  nahen Gräben, noch sehr schwach.</Unicode>
                </TextEquiv>
            </TextLine>
            <TextLine id="r5l31" custom="readingOrder {index:24;}">
                <Coords points="551,4230 720,4221 889,4213 1058,4205 1227,4198 1396,4191 1565,4184 1734,4177 1903,4170 2072,4165 2241,4158 2410,4152 2579,4146 2748,4140 2917,4134 3086,4129 3255,4123 3424,4117 3593,4110 3762,4104 3931,4098 3931,3993 3762,3999 3593,4005 3424,4012 3255,4018 3086,4024 2917,4029 2748,4035 2579,4041 2410,4047 2241,4053 2072,4060 1903,4065 1734,4072 1565,4079 1396,4086 1227,4093 1058,4100 889,4108 720,4116 551,4125"/>
                <Baseline points="551,4195 720,4186 889,4178 1058,4170 1227,4163 1396,4156 1565,4149 1734,4142 1903,4135 2072,4130 2241,4123 2410,4117 2579,4111 2748,4105 2917,4099 3086,4094 3255,4088 3424,4082 3593,4075 3762,4069 3931,4063"/>
                <TextEquiv>
                    <Unicode>8 Dez. Wieder munter, schonte mich aber noch. Bis zu den</Unicode>
                </TextEquiv>
            </TextLine>
            <TextLine id="r5l32" custom="readingOrder {index:25;}">
                <Coords points="568,4362 744,4355 921,4348 1098,4342 1275,4337 1451,4332 1628,4328 1805,4324 1982,4320 2159,4316 2335,4312 2512,4307 2689,4302 2866,4297 3043,4291 3219,4284 3396,4276 3573,4267 3750,4257 3927,4246 3927,4150 3750,4161 3573,4171 3396,4180 3219,4188 3043,4195 2866,4201 2689,4206 2512,4211 2335,4216 2159,4220 1982,4224 1805,4228 1628,4232 1451,4236 1275,4241 1098,4246 921,4252 744,4259 568,4266"/>
                <Baseline points="568,4330 744,4323 921,4316 1098,4310 1275,4305 1451,4300 1628,4296 1805,4292 1982,4288 2159,4284 2335,4280 2512,4275 2689,4270 2866,4265 3043,4259 3219,4252 3396,4244 3573,4235 3750,4225 3927,4214"/>
                <TextEquiv>
                    <Unicode>Gräben im Mahimbwi-Tal. Vorm. Nord- (fast NNO-) Wind.</Unicode>
                </TextEquiv>
            </TextLine>
            <TextLine id="r5l33" custom="readingOrder {index:26;}">
                <Coords points="569,4498 736,4497 903,4495 1070,4492 1237,4488 1404,4484 1571,4478 1738,4472 1905,4466 2072,4459 2239,4451 2406,4445 2573,4437 2740,4430 2907,4422 3074,4417 3241,4410 3408,4405 3575,4401 3742,4397 3909,4394 3909,4298 3742,4301 3575,4305 3408,4309 3241,4314 3074,4321 2907,4326 2740,4334 2573,4341 2406,4349 2239,4355 2072,4363 1905,4370 1738,4376 1571,4382 1404,4388 1237,4392 1070,4396 903,4399 736,4401 569,4402"/>
                <Baseline points="569,4466 736,4465 903,4463 1070,4460 1237,4456 1404,4452 1571,4446 1738,4440 1905,4434 2072,4427 2239,4419 2406,4413 2573,4405 2740,4398 2907,4390 3074,4385 3241,4378 3408,4373 3575,4369 3742,4365 3909,4362"/>
                <TextEquiv>
                    <Unicode>Mittags sehr heiß (33 ½°) Bald darauf Gewitter im Norden</Unicode>
                </TextEquiv>
            </TextLine>
            <TextLine id="r5l34" custom="readingOrder {index:27;}">
                <Coords points="543,4660 700,4652 857,4643 1014,4637 1171,4630 1328,4623 1485,4617 1642,4612 1799,4606 1956,4601 2114,4595 2271,4590 2428,4584 2585,4579 2742,4573 2899,4566 3056,4560 3213,4552 3370,4545 3527,4537 3685,4527 3685,4440 3527,4450 3370,4458 3213,4465 3056,4473 2899,4479 2742,4486 2585,4492 2428,4497 2271,4503 2114,4508 1956,4514 1799,4519 1642,4525 1485,4530 1328,4536 1171,4543 1014,4550 857,4556 700,4565 543,4573"/>
                <Baseline points="543,4631 700,4623 857,4614 1014,4608 1171,4601 1328,4594 1485,4588 1642,4583 1799,4577 1956,4572 2114,4566 2271,4561 2428,4555 2585,4550 2742,4544 2899,4537 3056,4531 3213,4523 3370,4516 3527,4508 3685,4498"/>
                <TextEquiv>
                    <Unicode>u. fern im Osten, Bewölkung, im Nu zog sich ein Gewitter</Unicode>
                </TextEquiv>
            </TextLine>
            <TextLine id="r5l35" custom="readingOrder {index:28;}">
                <Coords points="539,4777 705,4777 871,4775 1037,4773 1203,4770 1370,4767 1536,4763 1702,4759 1868,4753 2034,4748 2201,4742 2367,4735 2533,4728 2699,4722 2865,4714 3032,4707 3198,4699 3364,4690 3530,4682 3696,4674 3863,4665 3863,4578 3696,4587 3530,4595 3364,4603 3198,4612 3032,4620 2865,4627 2699,4635 2533,4641 2367,4648 2201,4655 2034,4661 1868,4666 1702,4672 1536,4676 1370,4680 1203,4683 1037,4686 871,4688 705,4690 539,4690"/>
                <Baseline points="539,4748 705,4748 871,4746 1037,4744 1203,4741 1370,4738 1536,4734 1702,4730 1868,4724 2034,4719 2201,4713 2367,4706 2533,4699 2699,4693 2865,4685 3032,4678 3198,4670 3364,4661 3530,4653 3696,4645 3863,4636"/>
                <TextEquiv>
                    <Unicode>über den Namunda u. Ngwanja zusammen, wo es wohl fast</Unicode>
                </TextEquiv>
            </TextLine>
            <TextLine id="line_1566380559149_364" custom="readingOrder {index:29;}">
                <Coords points="635,4862 731,4853 827,4847 955,4843 3374,4796 3634,4792 3764,4792 3894,4793 4025,4796 4025,4854 2073,4904 539,4938 539,4875 571,4870"/>
                <Baseline points="1423,4883 1553,4887 1683,4888 1813,4888 1943,4887 2073,4885 2203,4880 2333,4877 2463,4871 2593,4865 2724,4860 2854,4854 2984,4849 3114,4844 3244,4839 3374,4835 3504,4833 3634,4831 3764,4831 3894,4832 4025,4835 539,4917 571,4912 603,4908 635,4904 667,4901 699,4898 731,4895 763,4893 795,4891 827,4889 859,4889 891,4887 923,4886 955,4885 987,4885 1019,4884 1051,4884 1083,4884 1115,4883 1147,4883 1179,4883"/>
                <TextEquiv>
                    <Unicode>1 Std. stand. Janensch noch nicht zurück. Kein Mtama mehr!</Unicode>
                </TextEquiv>
            </TextLine>
            <TextLine id="r5l38" custom="readingOrder {index:30;}">
                <Coords points="682,4999 791,4995 901,4992 1011,4989 1121,4988 1230,4986 1340,4985 1450,4985 1560,4984 1669,4984 1779,4984 1889,4984 1999,4984 2108,4984 2218,4983 2328,4982 2438,4981 2547,4979 2657,4977 2767,4975 2877,4971 2877,4913 2767,4917 2657,4919 2547,4921 2438,4923 2328,4924 2218,4925 2108,4926 1999,4926 1889,4926 1779,4926 1669,4926 1560,4926 1450,4927 1340,4927 1230,4928 1121,4930 1011,4931 901,4934 791,4937 682,4941"/>
                <Baseline points="682,4980 791,4976 901,4973 1011,4970 1121,4969 1230,4967 1340,4966 1450,4966 1560,4965 1669,4965 1779,4965 1889,4965 1999,4965 2108,4965 2218,4964 2328,4963 2438,4962 2547,4960 2657,4958 2767,4956 2877,4952"/>
                <TextEquiv>
                    <Unicode>Schwarze Segler wie d. Berliner in Scharen eingetroffen.</Unicode>
                </TextEquiv>
            </TextLine>
            <TextEquiv>
                <Unicode>73
da bedeckt, fühlte aber Kopfschmerz. Wieder Chinin geschluckt.
Nach Tisch doch noch zu Skelett A, aber sehr enttäuscht, viel Bruchstücke.
Poscho-Zahlung. Abends starke Kopfschmerzen, sehr früh zu Bett.
Morgens d. Meldung, daß ein Leopard ein Huhn geraubt
hatte; der treue „Jumbe“ hatte sogar auf ihn geschossen. Ich
war Nachts einmal hochgefahren, als hätte ich einen Schuß
gehört, da aber alles still blieb, glaubte ich eine Ratte
hätte etwas herunter geworfen u. schlief sofort wieder ein.
Sonntag 4. Dez: Herrlicher Sonntagsmorgen auf d.
Berge, heut Ruhetag, da mir irgend etwas in d. Knochen
sitzt, ich weiß nicht was. Nur gelesen. Zum vollen Genuß
kam ich auch heut nicht. Abends Fieber (38,2°)
5. Dez. Nachts wieder heftigster Durchfall. Mußte jedoch
morgens aufstehen, Briefe zu schreiben u. Lasten abzu„
fertigen. Fühlte mich so unwohl u. schwach, daß ich gleich
wieder zu Bett ging. Nichts gegessen. Eigentlich Dämmer„
zustand bis auf die zahlreichen unerwünschten Unter„
brechungen.
6 Dez. Wieder schlechte Nacht, doch bei Tage Ruhe. Im
Liegestuhl geblieben, nicht zu den Arbeiten. Gelesen.
Abends fühlte ich mich verhältnismäßig wohl.
Szene zum „Jesus“ vorm.
7. Dez. Zu einigen  nahen Gräben, noch sehr schwach.
8 Dez. Wieder munter, schonte mich aber noch. Bis zu den
Gräben im Mahimbwi-Tal. Vorm. Nord- (fast NNO-) Wind.
Mittags sehr heiß (33 ½°) Bald darauf Gewitter im Norden
u. fern im Osten, Bewölkung, im Nu zog sich ein Gewitter
über den Namunda u. Ngwanja zusammen, wo es wohl fast
1 Std. stand. Janensch noch nicht zurück. Kein Mtama mehr!
Schwarze Segler wie d. Berliner in Scharen eingetroffen.</Unicode>
            </TextEquiv>
        </TextRegion>
    </Page>
</PcGts>
