4292 5213
307 243 556 448 104
527 231 3927 547 Mroweka am Ende des Krieks. Da schon 4 Uhr, muß ich
482 451 3797 725 Lager hier beim Akiden aufschlagen. Das Ufer steigt
492 615 3683 883 steil etwa 40 m. vom Wasser aus an, besteht aber
486 768 3866 1052 lediglich aus hellem, rötlichem Sande. Mehrfach Regen.
747 964 3843 1237 21.II: Ab über Körner'sche Pflanzung auf neuer
486 1134 3867 1406 Lukuledi-Straße stellenweis durch sehr dichten Lianen-
503 1297 3988 1536 Busch nach Narunjo (Pflanzung im Lukuledi-Tal, an sumpfi„
544 1430 3883 1759 ger Stelle), weiter bis Mtua (Pflanzung von Werneyer),
533 1627 3948 1893 hier auf alte Straße, da neue noch im Bau, bis zum
490 1776 3896 2057 Jumben von Mtua. An gegen 10½, Lager. Unterwegs
543 1933 3850 2154 wenig Regen, aber mittags u. in d. folgenden
539 2099 3447 2360 Nacht stärkere Güsse. Es ist auch höchste Zeit!
712 2229 3907 2530 Abends ließ ich Sagen erzählen, hatte aber Pech: Ein
580 2417 3961 2709 Mmakonde erzählte eine ewige, sehr stupide Geschichte
589 2549 3755 2851 eines „Prinzen“. Interessant war höchstens die Art
576 2736 3850 2993 des Vortrags, da noch ein Zweiter dazu gehört, der
567 2883 3925 3160 bei jeder Sprechpause hâm oder sâna einzuwerfen hat.
569 3033 3730 3322 Erst störte ein vorbeiziehender Akide, den ich zum
523 3206 3756 3504 Sitzen auffordern u. etwas unterhalten mußte,
564 3331 3907 3641 dann ein Überfall durch Beißameisen (siafu), die
571 3505 3702 3793 mit Feuer ausgerottet wurden; dennoch Erfolg
565 3711 3964 3978 schwach, da ständig neue Tausende heran wimmelten.
708 3874 3789 4200 22.II. Marsch von 3 Std. bis Mtamahof Pflanzung
530 4032 3783 4271 des Herrn Kaiser, auf alter Straße. Bedeckter Himmel,
477 4198 3897 4480 aber kein Regen; im Nyangedi durch reichliches Wasser. Ganz
491 4340 3833 4616 wenige Sandsteinreste aus den „Deckschichten“ hervorlugend.
449 4479 3920 4766 Haus auf Mtamahof prächtig gelegen. Weiter Blick über das
436 4662 3872 4930 breite Lukuledi-Tal, sowie auf- u. abwärts. Im Vordergrunde
