4292 5213
3842 209 4060 395 135
402 265 4064 534 Ton, dann auf's rettende Plateau. Die aufgehende Sonne
422 476 3749 700 goß Kronengold auf die stattlichen frisch grünenden
472 594 3769 794 Bäume. Um 1 auf Noto. Neuer Jumbe (Ndonde), der
483 762 3875 1030 frühere jedoch noch als Wendt'scher Spion hierbelassen.
477 900 3719 1197 Er plauderte wieder prächtig, der alte Mwindadi.
610 1093 3843 1367 Lasten bis auf 3 Stück um 3 Uhr, die andern erst
517 1271 4022 1535 nachts um 9, als ich bereits zu Bett lag. Kein Bettge„
477 1440 3751 1670 stell, daher auf der Erde, kein Zeltdach, daher ein
484 1623 3956 1904 kräftiger plötzlicher Gewitterregen von oben herein.
619 1806 3916 2094 11.V. Heut trocken, aber noch viel Gras. Um 12 am
514 1967 4057 2284 Tendaguru, wo schon seit mehreren Tagen kein Regen
474 2165 3926 2404 mehr. Die alten Gräben im Gegensatz zum Vorjahr
467 2351 4052 2559 kein Wasser mehr haltend. Unsere Leutchen haben
490 2577 3863 2813 herzlich wenig geleistet. Schöner frisch-klarer Tag.
591 2768 3530 3038 12.V. Kindope-Graben besichtigt, seit 3 Tagen
3422 2702 3908 2890 wieder
3481 2813 3761 2974 in
487 2945 894 3189 Arbeit.
673 3103 4042 3308 Der Akide auf Kilwa-Ufer ist vorgestern gestorben, nachdem
489 3308 3804 3514 sein Vorgänger vor'm Jahr ebenso plötzlich blühendes
492 3421 3934 3632 Leben gegen Tod eingetauscht hatte. Ich glaube an Ver„
536 3610 3874 3832 giftung u. traue dem Kilwa-Bezirk jeden Augen„
563 3718 3986 4021 blick Aufstand zu, also Vorsicht dies Jahr! Erklärte mir
545 3971 4081 4137 doch schon damals der Karani, das Klima von Nakihu
467 4122 2185 4382 sei für Akiden ungesund!
707 4327 3867 4553 Nichts zu lesen u. zu tun, da Schreibmaterial noch
496 4472 3856 4691 nicht mitgekommen. Greife wieder zu Liliencron's
464 4595 4013 4892 prachtvollen Kriegsnovellen u. als Rahmen zu Bismarck's
742 4820 2598 5003 Gedanken u. Erinnerungen.
