4292 5213
268 266 378 422 86
490 301 3932 448 5. Jan. Den neulich entdeckten Schädelrest in Kijenjere wollte ich
534 404 3799 595 nach d. 2 trockenen Tagen abheben. Deshalb noch einmal
527 543 3865 729 einen Tag in Mtapaia. Mittags mehrmals Regen, aber
532 723 3893 890 nicht heftig u. immer gleich wieder „schönes“ Wetter.
569 865 3801 1070 Auf d. Rückwege sprang ein Riedbock-Pärchen auf, ich
541 1019 3919 1212 verfolgte es lange. Einmal sahen wir d. Weibchen, einen
569 1175 3798 1370 Augenblick suchte ich d. Männchen vergeblich, da war auch
547 1326 3943 1532 jenes schon wieder verdeckt. Ich ging hinterher immer
570 1463 3949 1687 nach dem Männchen Ausschau haltend. Jetzt trat d. Weib„
549 1611 3775 1818 chen wieder vor, aber indem ich zögernd anlegte,
554 1774 3689 2000 entdeckte mich d. bereits weit vorn stehende
519 1923 3941 2127 Männchen u. beide gingen ab. Nun ich bin's zufrieden,
540 2087 3983 2289 die Tiere sind hier selten. Im neuen Regen d Spuren
523 2350 1186 2443 verloren.
689 2439 3777 2562 6. Jan. Morgens zur Besichtigung eines Knochenfundes
535 2576 3729 2718 nach O zum Muyoya-Fluß, Gras schon recht hoch u. naß.
499 2718 3657 2870 Mein Führer fand d. Stelle nicht u. ich wollte lieber
522 2855 3797 3022 nochmals d. Lipogiro-Profil ansehen. Muß nun tatsäch„
523 3017 3706 3191 lich annehmen, daß es sich um jüngere, n. Bornhardt
529 3185 3813 3370 Mikindani-Sch. handelt. Es ist erstaunlich, daß man nach
548 3344 3821 3506 2 Jahren doch noch zu Kreuze kriechen muß vor ihm, der
509 3525 3655 3706 in der Regenzeit u. Graswuchs nur hindurchreiste.
683 3724 3792 3900 7. Jan. Profil Tendag-Barrabarra u. Nerineensch. an d.
636 3900 3738 4072 Barrabarra selbst, sowie Verbindungsroute nach Kindope
585 4083 3912 4223 aufgenommen. Gräben in Stufe I besichtigt, im Mbenkuru-
589 4257 3903 4391 Tale vergeblich Wild gesucht, Knochen in Kindope besichtigt,
565 4431 3740 4568 nach 11 Uhr zurück. Sehr heiß, aber wieder d. ganzen Tag
606 4612 1475 4727 völlig trocken.
732 4747 3670 4880 Nachm. Poscho-Zahlung, abds. Geographica geschrieben.
