4292 5214
3704 277 3832 337 37
387 361 3721 489 legen; den Kopf hatte es noch erhoben u. den Rumpf
422 520 3951 657 verdeckte das Gras; ich wollte es nicht lange ängstigen,
438 675 3937 823 sondern durch Halsschuß erledigen. Zu meinem Entsetzen
418 813 3785 963 blieb der Kopf auch nach dem dritten noch hoch u. ich
455 969 3869 1131 mußte noch 2 mal in die Brust schießen, ein greulicher
475 1128 3823 1300 Anblick. Der Hals war förmlich durchlöchert. Obendrein
491 1292 3895 1461 leider ein Weibchen, dem zwei von den jungen Tieren
483 1458 3903 1610 anzugehören schienen. Es war inzwischen klar gewor„
493 1639 2945 1794 den u. ich gab Mtapaia nunmehr auf.
709 1823 3850 1991 20. Aug: Nachm. Poscho-Zahlung. Nachricht von Janensch,
497 1978 3949 2136 der morgen zurückkommt u. Anlegen einer Barrabarra
547 2144 3907 2241 bis zum Noto vom Bezirksamt erlangt hat (für d. schweren
527 2293 1625 2418 Knochentransporte)
714 2409 3979 2597 21. Aug: Morgens früh in's Mbenkuru-Tal hinab, worauf
540 2585 3865 2765 ich mich seit dem mächtigen Feuer gestern vor 14 Tagen
569 2743 3697 2908 bereits gefreut hatte. Zu meinem Erstaunen einige
560 2903 3903 3063 Hänge bereits wieder mit frischem Grün bedeckt, um„
565 3079 3899 3237 grenzt von schwarzen, kahlen Flächen, die hin u. wie„
579 3247 3885 3393 der mit Stellen unverbrannten braunen Grases durch„
577 3390 3841 3555 setzt waren. Prächtige Bilder. Leider meistenteils die
561 3544 3813 3694 hohen, harten, verkohlten Stengel stehen geblieben, die
569 3713 3935 3856 das Durchkommen erschwerten u. Eigenschaften eines
555 3865 3847 4015 Rauchfanges aufwiesen. Ali zeigte mir recht fern
588 4046 3845 4182 Barappis, welche langsam einen Hügel erstiegen u.
575 4195 3849 4351 dahinter verschwanden. So schnell wie möglich hinter„
559 4364 3963 4521 her. Von d. Hügel aus erst nichts, obwohl ich d. herrlichen
567 4519 3948 4658 Tiere ganz nahe wußte. Endlich erblickte ich über nied„
588 4675 3880 4814 riges Buschwerk hinweg 2 Gehörne, die Köpfe schienen eine
