4292 5214
3729 285 3892 410 33
416 370 3601 441 10. Aug: Morgens Janensch nach Matapua, um in Lindi
410 470 3837 637 Knochen zu packen u. Weg f. schwere Lasten ausfindig
426 604 3799 775 zu machen. Ihn begleitet bis zum Übergang d. Barra„
405 752 3911 948 barra üb. d. Mtapaia, dann links ab durch gut gebrann„
413 913 3451 1123 tes Pori zu einem Graben halbwegs zwischen
402 1070 3845 1280 Kindope u. Mtapaia, nahe dem Lilahi, dessen Lage mir
436 1213 3608 1437 erst heut recht klar wird. Durch Pori zurück zu d.
426 1338 3661 1602 andern Gräben. Bei Skelett S. mordsmäßige Rippen.
600 1531 3556 1743 11. Aug: Es ist unmöglich, allein alle Gräben zu
461 1710 3143 1919 besuchen. Bei Z angefangen einzupacken.
674 1841 3664 2068 Nach Tisch um 2 mit d. Barappi-Jungen üb. den
553 2030 3830 2274 Mtapaia, neue Knochenstellen besehen. Überraschend
562 2225 3895 2449 viel, aber außen schlecht. Schönes Jagdgebiet, wenn
716 2441 3696 2570 ― Wild da wäre. Nur Perlhühner unweit des
573 2582 2779 2780 Dorfes gesehen. Etwas Regen.
665 2771 3931 2999 12. Aug. Morgens nach Kindope, nachher, da mittags
548 2944 3947 3192 ganz bedeckt u. sogar einige Tropfen fielen, zu den
547 3127 3935 3365 Gräben im S. Erst um ½ 2 zum Mittagessen zurück.
566 3365 1555 3528 Briefe erledigt.
683 3473 3776 3694 13. Aug. Eine Abteilung jenseits d. Mtapaia angesetzt, Tauben
630 3669 3699 3854 geschossen, Perlhühner, Rebhühner u. mehrere Ngorombwe
639 3869 2527 3998 gesehen. Poscho-Zahlung.
647 4004 3844 4222 Sonntag d. 14. Aug: Hatte d. Absicht, unten am Mbenkuru zu
674 4154 3925 4411 jagen, da beim Jumben Omari 4 Büffel gemeldet wurden.
645 4325 3815 4564 Aber zu weit, auch sehr ungewiß im Erfolg, vor allem
615 4502 3841 4720 wird mir aber von Maimbwi ein Kudu gemeldet u.
616 4670 3765 4886 auf Barappis ist meist auch zu rechnen. Ferner bestand
