4292 5214
3843 262 3957 327 35
361 282 3869 451 ich leider unverrichteter Sache zurückkehren mußte. Der
388 431 3855 617 Zuwachs zur Gehörn-Sammlung höchst willkommen.
423 597 3357 815 Nun fehlt noch Swalla, Wasserbock und Büffel!
622 819 3739 1015 15. Aug: Morgens nach Kindope, wo ich mindestens
457 975 3760 1189 4 Stegosaurier im Familiengrabe vereint zu zählen
479 1121 3653 1324 glaube. Dieser embarras de richesse wird zum
479 1306 3815 1471 Fluch. Rippen bei Skelett S 2,50 m. gemessen!
740 1506 3873 1633 Nachm. Etwas zum Jesus. Papagei erhalten (kl. Art)
588 1647 3829 1886 16. Aug: Neulich besichtigte neue Knochenstelle
618 1845 3721 2040 jenseits des Mtapaia (am Nyoya) auszubeuten
529 1996 3929 2198 begonnen. Stets durch Pori zu den Außengräben
516 2184 3225 2379 im S. Allenthalben schön abgebrannt.
737 2332 3897 2505 Nachm. Etwas zum Jesus. Dazwischen tönt frei„
502 2507 3871 2680 lich von Zeit zu Zeit: nataka kopa! Regen nahe.
613 2732 3889 2881 17. Aug. Morgens Kindope, dann zum Lilombo, um Wasserver„
491 2863 3945 3035 hältnisse zu erkunden, da wir den Einwohnern starke Konkur„
483 2989 3720 3173 renz machen u. ich kleine Verbitterungen möglichst zu
519 3116 3770 3290 vermeiden wünsche: Wir sind ja d. Eindringlinge. Fand
539 3249 3833 3438 sehr reichlich Wasser. Dann über den Lilahi zum dortigen
526 3383 3795 3582 Graben. Kurz ehe ich ankam, ging rechts ein starkes Ba„
541 3552 3925 3740 rappi auf. Konnte 3 mal schießen, ehe es ganz abgal„
537 3716 3886 3891 loppierte, freilich in d. freien Gelände auf allzugroße
551 3871 3801 4047 Entfernung. Fanden d. Spur nicht gleich, ging daher
568 4040 3879 4199 erst schnell zum Graben. Hernach Blutspur gefunden,
555 4205 3881 4376 mußte nun also dauernd nach, einmal hatte es sich
619 4373 3687 4536 gelegt, dann verloren wir die Spur endgiltig, ich
570 4530 2269 4715 mußte gegen 12 nach Haus.
