4292 5214
3869 300 3958 354 9
411 311 3825 478 19. Mai. Von mittag ab wieder bedeckt. Morgens Kometen
422 474 3919 629 schweif sehr breit, zumal neuerdings am untern uns
448 632 3917 810 näheren Ende, aber wenig leuchtstark u. verschwom„
453 804 2178 990 men trotz klarster Luft.
738 930 3325 1115 Nachts die große Hyäne am Berge gewesen.
252 1097 3743 1336 20. Mai Moham.-Graben u. die Stelle der großen Knochen
535 1282 3765 1471 hinter'm Tendaguru (Seliman) wieder in Angriff
513 1480 3875 1678 genommen. Vom Njassa treffen 9 Mann, offenbar
468 1648 3821 1875 Wangoni, aber doch als Wanjassa getrennt bezeichnet
471 1912 727 2038 ein.
629 1987 3781 2219 Kann leider morgen abermals nicht nach
569 2160 3873 2412 Niongala, da Janensch ewig an der Abrechnung
504 2327 4013 2622 sitzt u. evtl. etwas zu fragen hätte. Ich habe ihm
503 2555 3719 2816 schon vor langer Zeit Mitarbeit angeboten, aber
495 2733 3963 2989 was nur irgend aufschiebbar ist, wird aufgeschoben.
471 2913 3946 3172 Gewiß ist's keine angenehme u. keine kleine Arbeit,
486 3102 3995 3368 aber ich wäre sicher, in einer Woche fertig zu werden.
439 3307 3945 3568 Dann würde ich mich freilich tüchtig dahinter setzen
462 3556 4042 3734 müssen, aber ich wäre froh, wenn ich mal wieder
441 3686 4049 3971 schriftlich zu arbeiten hätte. Auch sein Hausbau kommt,
478 3887 3765 4191 obwohl er ständig dabei sitzt u. wenig zu den
451 4067 3577 4370 Gräben geht, kaum vom Fleck. Es ist alles so
433 4272 3834 4561 theoretisch u. unnatürlich bei ihm, aber um Gottes
471 4448 4028 4734 willen wünsche ich nicht, daß Alle so sein müßten
493 4775 925 4888 wie ich!
680 4808 4053 4985 Brief an Frau Seidenspinner. Komet nicht sichtbar, da Abds. bedeckt
3528 4898 3937 4977 od. wolkig
