4292 5213
333 344 476 404 96
505 342 3797 493 des „Nein“, das sie noch zuletzt ohne Erfolg zu ver„
535 494 3801 641 schlucken suchten. Was spricht aus dem Wörtchen für Haß
488 633 3663 789 u. Bedrücktheit, u. das bei zwei treuen Aufsehern!
652 799 3726 993 28. Träger zurück mit Fossil-Lasten von Matapua.
314 994 3933 1208 Sonntag 29. Jan. Abends Tennis. Morgens aquarelliert. Dauernd
639 1163 2541 1360 schönes Wetter, aber recht warm.
716 1383 3862 1539 30. Jan: Morgens über Kitulo nach Nkangi, von wo meine
553 1540 3879 1717 Leute Kalkgeoden aus Ton statt erwarteter Schwefelkiesknollen
555 1691 3883 1878 gebracht hatten. Fand in dem Ton selbst guterhaltene Muscheln,
551 1864 3891 2041 während Fraas u. Bornhardt keinen Erfolg hatten. Unter
584 2027 2693 2224 Umständen wichtiges Vorkommen.
874 2183 3624 2378 Neue inzwischen fertig gestellte Kisten gepackt.
686 2408 1274 2543 Abd: Tennis
800 2559 2627 2732 31. Jan. Träger zurück. Lohnzahlung
820 2766 3800 2985 2 Febr: Wollte morgen in aller Frühe mit Boot nach Mtere, aber
702 2905 3814 3120 es paßt mit dem Wasser nicht, daher schon heut um 1 Uhr
710 3055 3765 3292 mittags, Träger zu Fuß um 11 voraus. Ankunft ziemlich
750 3183 3825 3434 gleichzeitig um 5. Herrliche Stromfahrt mit dichten, stillen un„
747 3353 3791 3592 betretenen Ufern, weiter Fläche, schönem Segelwind, dann
747 3501 3775 3740 enger u. enger werdend, daß wir erst Segel zuletzt
716 3678 3865 3923 auch Ruder einziehen mußten u. nur noch staken
739 3829 3783 4099 konnten. Große Schwaren schwarzer, Ibis-artiger Vögel, schoß einen
698 4017 3848 4241 auf Bitte der Leute, sie verschmähten ihn aber, weil sie ihn schon
662 4209 1916 4402 tot aus d. Wasser fischten.
924 4285 3823 4542 Vorm. Meine Gehörne endlich verpackt u. verschickt.
770 4561 3677 4720 3. Febr. Barrabarra nach Kitere. Nachts hatte es geregnet,
665 4744 3843 4868 daher schmutzig, solange im Tal. Zum Glück meist guter Sand„
