4292 5213
272 238 505 451 136
536 252 3934 527 13.V. Kindope. Magazine eingeräumt. Abrechnungen,
518 457 3974 736 Poscho-Zahlung. Besuch des neuen Jumben Mtola, nach„
560 661 3811 927 dem der frühere Omari gestorben. Wir stehen mit
543 840 1525 1092 diesem besser.
453 966 3788 1308 Sonntag d. 14.V. Wegen Mangel an Beschäftigung auf
627 1172 3662 1515 Jagd ohne viel Hoffnung. Bei Mondschein nach N.,
542 1396 3772 1630 an d. Barrabarra entlang bis zu der Kante rechts
515 1543 3936 1862 des Mtapaia, an dieser Bach-aufwärts in meist niedri„
540 1811 3956 2035 gem Grase. Um 7¼ sprang ein einzelnes Barappi auf,
514 1903 3820 2195 hatte uns aber wohl nicht gesehen; es blieb stehen u.
525 2097 3789 2370 ließ mir Zeit ein Plätzchen knieend zu suchen, wo
538 2289 3789 2530 ich es einigermaßen durch die Büsche sehen konnte.
540 2439 3813 2699 Es stand schlecht, fiel aber sofort; ich gab noch schnell
571 2586 3959 2866 einen Gnadenschuß. Schönes starkes Männchen. Sonst
538 2732 3840 3017 nicht das geringste Wild, auch keine Spuren. Über
517 2930 3969 3238 Lipogiro u. Lindi-Weg zurück. Um 9 im Lager. D. Morgen
541 3130 3766 3409 schön frisch u. farbig, dann aber den ganzen Tag
561 3302 3163 3573 bedeckt, im Westen einmal Regenfall.
633 3436 3695 3679 15.V. Viel Landwind, etwas Regen, in d. Umgebung viele
516 3585 3737 3833 einzelne Niederschläge. Janensch kommt noch nicht, er ist erst in
526 3757 2830 4002 Lindi, dann in Mtschinga „nicht fortgekommen“.
573 3893 3837 4172 17.V. Nach d. Erfahrungen, der letzten 3 Tage wartete ich wieder
495 4072 3832 4325 bis nach 12 mit d. Essen (Reste des Barappi-Fleischs), dann kam
522 4158 3778 4399 aber während des Essens ein Boy, nachher die Träger,
528 4305 3400 4573 zuletzt Janensch. Und er behauptet nervös zu sein!
574 4462 3837 4707 18.V. Wie täglich, Besichtigung in Kindope, wo gestern auch am
500 4622 2977 4850 Iguanodonten d. Arbeit wieder aufgenommen.
