4292 5213
317 309 363 359 8
570 368 3955 515 16 Mai. Vorm. Ali wieder zurück, freilich ohne bibi. Mit Wilhelm
617 524 3815 664 gegen den Mohamadi-Graben bei den alten Schamben
631 698 3888 828 vorgedrungen, aber auch hier unerwarteterweise fürch„
611 867 3045 994 terliches Gras u. kein Wild vorgefunden.
744 1021 3825 1161 An die Arbeiter Z Kontrollzettel mit der Nr. des Lohn„
579 1202 1521 1341 buchs ausgeteilt.
839 1326 2665 1496 Gegen Abend schwacher Regen.
676 1504 3818 1720 17. Mai: Über Nacht ist es mit einem Schlage Herbst
693 1695 3770 1877 geworden, zahlreiche Bäume leuchten in Gelb.
945 1919 3129 2065 Abends wiederum schwacher Regen.
608 2079 3923 2242 18 Mai Morgens endlich wieder klar: der Komet
633 2252 3827 2412 hat nunmehr die Hälfte des Himmels einge„
619 2401 3888 2575 nommen u. sein Kern steht nun morgens bei
582 2584 3943 2754 Beginn der Dämmerung noch unter dem Hori„
596 2736 3464 2908 zonte, seine Schönheit ist damit vernichtet.
853 2903 3867 3092 Günstige Erfolge in den Gräben, auch schöne Ammo„
607 3069 3807 3246 nitenfunde in den Trigonia-Schichten. Vom Likonde
619 3246 3740 3419 kommen unsre 2 „Sachverständigen“ zurück mit der
557 3412 3941 3596 Meldung, es sei nur ein Knochen, aber ein guter da.
580 3577 3963 3756 Schlechte Versteinerungen von Ntandi, d. Gestein erscheint
587 3764 3644 3893 mir nicht fremdartig. Magen-Verstimmung.
699 3974 3863 4071 Erhalten aus d. Mbenkuru sehr appetitliche, kleine
524 4152 1936 4286 Fische, d. Stück 1 Heller!
710 4269 3933 4463 In Bornhardt, Fraas u. Daequé-Krenkel stratigra„
541 4510 3378 4602 phisch orientiert u. auf Niongala vorbereitet.
