4292 5213
281 339 407 389 22
561 371 2945 478 kurzer, schwacher Regen. Briefe.
701 473 3864 674 4. Juli: Nachm. gegen 4 etwa 20 Min. lang recht kräftiger
534 591 3432 838 Regen, so daß sich selbst Wasser in d. Gräben sammelte
650 762 3766 1039 5. Juli: Morg. zum Maimbwi u. Lipugiro, keine Spur von
475 910 3745 1206 Wild. Nachher bei d. Gräben, an denen doch vor 8-9 Uhr selten
480 1115 3385 1371 Neues sichtbar ist u. Kontrolle je später desto sicherer.
610 1289 3869 1563 6. Juli: Der Monat läßt sich wieder gut an, nachdem
516 1464 3909 1726 wir 2 merkwürdig sterile Wochen hatten Vor allem dies
498 1651 3869 1906 Jahr höchst erfreulicher Weise außer zahlreichen Zähnen
491 1828 3841 2066 viel Wirbel guter Erhaltung, eine sehr erwünschte Ergän„
534 2028 2699 2229 zung. Aber wo bleiben die Schädel?
613 2228 3831 2453 8. Juli: Morgens an d. Salesi-Stelle im Kipande-Bach
555 2359 3709 2649 grade zurecht, um zur der Praeparation eines grade
540 2542 3837 2798 gefundenen prächtigen Knochens (Fibula) beizuwohnen.
574 2733 3732 2945 Es geht im Augenblick, der Eifer der Leute ist hocher„
558 2857 3519 3108 freulich u. nicht vorgetäuscht. Erfahre, daß die
602 3020 3891 3305 Wangoni gleichfalls die Sage eines vorsintflutlichen
618 3205 3689 3453 Tieres, namens Namentschanguru (letzter Bestandteil:
618 3338 3662 3605 mgulu = Bein, vgl. nguru wa ndege!?) besitzen. Neulich
620 3506 3501 3759 hörte ich auch einen andern Wamuëra-Namen:
671 3708 3461 3901 ndimu oder lihimu. Briefe beendet.
834 3865 3593 4118 9 Juli: Vorm: Träger vorausgesandt, Zeltlasten
656 4004 3903 4259 geordnet, bemerke zu meinem Schrecken, daß mein
608 4180 3638 4414 Haus sich nach vorn ein wenig gesenkt hat,
664 4355 3595 4555 wahrscheinlich bei d. Regen. Auch heut mittag
662 4556 3538 4719 düster u. drohend, aber bei uns fielen nur
659 4738 1575 4878 wenige Tropfen.
