4292 5213
273 322 387 383 26
628 327 3749 545 Schuß, nachdem ich es noch photogr. hatte, ging fehl,
568 531 3752 758 da rasselte es u. alle Stacheln stellten sich auf, ein
555 675 3755 933 ganz eigenartiges Bild, wahrlich wir brauchen nicht
555 872 3816 1124 in d. Vorzeit zu suchen, u. aus d. Skelett machen
581 1039 3710 1292 wir uns doch kein richtiges, vollständiges Bild!
578 1180 3557 1450 Nach d. 2.ten Schuß legte es sich, während der
552 1341 3611 1612 Schwanz laut rasselte u. schnell sprang einer
547 1516 3721 1828 hinzu, d. begehrte Wildpret zu schächten. Vorher
509 1715 3859 1993 standen Alle in respektvoller Entfernung u. warnten
545 1894 3873 2142 mich: es schleudere Stacheln u. tötete selbst Löwen.
558 2068 3602 2315 Ich verlangte Augenzeugen u. blieb diesmal im
535 2227 3766 2482 Widerstreit Theorie-Erfahrung skeptisch zu Gunsten
547 2500 1319 2656 der ersteren.
792 2600 3907 2783 Janensch zieht nach Mtapaia. Ich wieder wohlauf.
621 2828 3831 3031 14 Juli: Nachm. Zwischenpost erhalten u. an Janensch
616 2965 3821 3188 geschickt. Morgens durch die nunmehr abgebrannten
559 3134 3869 3371 „alten Schamben“, sah Schwein, Ngorombwe, Buschbock, ohne
556 3288 3719 3530 zum Schuß zu kommen. In Kindope zu graben begonnen.
513 3464 3871 3717 15 Juli: Wieder in d. Schamben, nichts. Nachm. Janensch
592 3591 3905 3885 zurück. Hauptpost. In Ubolelo zu graben begonnen.
651 3840 3005 4042 16. Juli: Einpacker-Arbeiten. Nachm. Poscho.
525 3995 3929 4284 Sonntag d. 17. Juli: Ging über den Mtapa, jenseits prächtiges
495 4199 3745 4466 Jagdrevier gut gebrannt, aber kein Wild. Schoß 2
508 4377 3867 4638 Tauben für meine Begleiter. Ganzen Tag Zeitun„
494 4606 3677 4795 gen gelesen, leider: D. Sonntag ist viel zu schade
538 4797 3216 4909 dafür! Abds. entwickelt m. leidlichem Erfolge.
