4292 5213
270 270 396 342 60
468 339 3804 490 25. Oct. Dämmerung abgewartet, um Route aufnehmen zu
476 472 3804 619 können bis zum Anschluß an die Dehn'sche Karte vom
434 620 3850 789 Waldreservat. Dem Mtap Mtshingiri ein Stückchen aufwärts
471 756 3685 950 gefolgt, um Einblick in d. Aufbau zu erhalten. Im
435 914 3875 1110 rechten Ufer hübsche kleine Verwerfung mit Spaltenbreccie
442 1093 2425 1276 beobachtet, Sprunghöhe ca 1 ½ m
841 1262 3073 1431 Am Tendaguru gegen 10h eingetroffen
657 1380 3686 1598 Jan. hat gestern mit dem ihm eignen trefflichen Blick am
489 1539 3781 1728 Wege zum Karani Ligoma in einem Graben der zweiten
491 1674 3702 1877 Stufe Anzeichen vom Schädel entdeckt u. heut durch Boheti
457 1811 3672 2022 praeparieren lassen. Wir gehen am Abend gemeinsam
513 1973 3779 2175 hin u. finden unsere Erwartungen übertroffen. Ziem„
473 2123 3651 2346 lich vollständiges Exemplar nebst Unterkiefern u. Zähnen.
472 2292 3227 2494 Hinterhaupt wie das in Kindope gefundene.
798 2421 3391 2622 Die mehreren Gelegenheiten abds. begossen.
568 2590 3747 2799 26. Oct. Kindope-Gräben, darunter seit einiger Zeit
675 2766 3834 2956 in Angriff genommene neue Stelle besichtigt, wo uns
647 2890 3738 3109 endlich der Theropode zu winken schien, wo aber,
671 3013 3709 3257 was mindestens gleich wichtig ist, Janensch mit
681 3119 3823 3407 seinem ausgezeichneten Verständnis u. Gedächtnis für
701 3300 3813 3564 Formen einen ganz kleinen Ornithopoden erkannt
723 3442 3891 3736 hat. Ich kann nur die Waffen strecken u. bekennen,
668 3638 3829 3893 daß ich allein (freilich ohne alle Vorbereitung) nicht so
690 3845 2685 4039 sachkundige Arbeit geleistet hätte.
842 3972 3911 4214 27. Oct. Südgräben. Zu dem Schädel finden sich bereits
720 4197 1887 4356 mehrere Halswirbel
872 4264 3892 4495 28. Oct. Janensch auf mehrere Tage nach Mtapaia. Abds. Post.
890 4467 3155 4646 29 " Kindope. Poscho-Zahlung.
309 4558 3819 4796 Sonntag d. 30 " Morgens östl. gegen den Lipogiro am Mtapaia u.
787 4691 3877 4908 Muyoya gejagt, ohne etwas zu sehen. Unser Jagdfüh„
