4292 5213
282 230 376 394 74
595 306 3897 444 9 Dez. Morgens in Kindope. Wegen d. zu erwarteten Besuchs hatte
475 417 3750 582 ich einen Anwohner in aller Frühe nach den unten am Mbenkuru
510 574 3830 695 stehenden Barappis Ausschau halten lassen u. wurde auch m. der
478 690 3834 821 Meldung von 3 Tieren empfangen. Ging fast ohne Aufenthalt in d. Gräben
518 788 3903 1009 (Bei St gestern wieder schönes Femur der zweitgrößten Form aufgedeckt!)
550 948 3678 1169 hinab u. sah alsbald einen prächtigen Wasserbock unter mir
535 1114 3804 1325 durchwechseln. Ruckweise sprang ich nach, durch einen Busch lugend
555 1269 3817 1457 sah ich ihn undeutlich aber dicht vor mir u. durfte mich nicht rühren, da
563 1411 3887 1609 mir schien als äugte er starr auf mich zu; der Schweiß triefte in Bächen.
535 1552 3884 1752 Er machte schließlich eine Bewegung als wollte er weiter gehen
569 1680 3663 1893 u. da mich jeden Augenblick ein Lufthauch verraten konnte,
572 1866 3687 2041 s nahm ich die Büchse hoch u. schoß. Er sprang ab, aber in
601 2008 3713 2197 der ebenen Steppe blieb er frei, ich setzte schnell durch
577 2162 3875 2345 das Gebüsch. Da blieb er zum Glück noch einmal in einiger
537 2326 3783 2521 Entfernung stehen. Ohne viel Hoffnung schoß ich abermals,
542 2506 3815 2671 jetzt aber taumelte er u. nach wenigen Sätzen fiel er.
588 2657 3807 2832 Ich weiß nicht, welcher von beiden Schüssen getroffen hat.
584 2820 3817 2990 Vor dem zweiten sah ich bereits einige Weibchen wei„
581 2969 3811 3155 ter ab im Grase stehen, die sich kaum stören ließen
604 3128 3689 3309 nur scharf äugten. Nun ging ich nach, kam aber in
585 3300 3867 3466 d. freien Feld nicht nah genug. Von mehreren Schüssen
553 3456 3809 3623 hatte aber einer getroffen u. bald hatten wir etwas
526 3610 3817 3795 Blutspur. Nach langer Verfolgung durch Dickicht wieder in's Freie; ich
627 3789 3827 3944 ahnte, dort liegt das Tier u. gehe vorsichtig heran, da kommen in„
641 3972 3749 4113 zwischen die Leute von d. Gräben, den Bock zu holen, und
644 4140 3845 4293 d. arme Tier geht wieder ab. Noch zweimal hatte es gelegen,
660 4314 3864 4442 im Mbenkuru-Bett u. jenseits im hohen, starren Elephan„
659 4460 3917 4614 tengrase. Die Spur ging dort endgiltig verloren u. ich mußte
607 4634 3736 4764 d. arme Tier den weiteren Schicksal überlassen. Ich hatte
