4292 5213
204 237 407 406 128
360 236 3739 411 Bornhardt u. v. d. Borne gut, die Verwerfung muß aber etwa
425 364 3846 618 an d. Bahn ihr Ende haben, wo die Sandsteine noch schiefgestellt
405 473 3805 760 sind. Auch hier wie beim Fungafunga freilich Plateaurand, der
485 622 3746 887 hier Erosionswerk sein müßte. Ob nicht d. Ngerengere früher in
413 813 3834 1077 d. Wami ging statt des sozusagen unnatürlichen Abweges in
407 987 3751 1219 den Ruvu? Uluguru-Gebirge nochmal ganz frei gesehen. Wie
392 1165 3883 1382 müssen den ersten Eindringlingen auf d. Wege von d. Küste her
442 1288 3041 1518 die Herzen geschlagen haben bei solchem Anblick!
627 1437 1766 1702 Schöne Sternennacht.
824 1582 3828 1824 21. Apr: Da ich den Weg an d. Bahn für sehr schmutzig hielt
453 1730 3676 2002 u. d. Träger mit d. schweren Lasten nicht gut auf den Schotter
448 1911 3910 2186 ausweichen konnten, schickte ich sie auf dem Parallelwege. Frei„
429 2085 3660 2276 lich gerieten sie grade dort in hohes Gras u. Morast und die
419 2180 3681 2470 Bahn erwies sich infolge der seitlichen Ausschachtungen als
457 2322 3805 2603 gänzlich trocken. Leider bot sie keine Aufschlüsse, doch war das
436 2479 3951 2718 letzte Stück hinter Kitugallo in gelblichweißem Tone frisch angeschnitten
484 2686 3963 2956 für neue Bahnhofsanlagen. Obwohl an Sandlagen gleiches Einfallen
488 2862 3814 3110 nach S O erkennbar, halte ich es nicht für unmöglich, daß die
451 2964 3879 3276 petrographisch gleiche Schicht am linken Pandambili-Ufer identisch
476 3158 3882 3437 ist, was beim Gefälle der Bahn vielleicht nicht einmal hori„
504 3277 3894 3570 zontale Lage im nicht aufgeschlossenen Teil zur Voraussetzung
504 3523 3861 3727 haben müßte. Auch der Morast in der Niederung des Myombo-
449 3662 3672 3870 Flusses könnte auf Tonboden hinweisen. Die flache Scheide
484 3769 3854 4070 zwischen Myombo u. Pandambili wird leider von d. Bahn ohne
478 3917 3900 4217 Einschnitt überwunden. Bei km. 124,1 (höchstens 1 km von d. Stelle,
486 4109 3816 4282 wo die vorjährigen Beobachtungen anknüpfen u. von dort durch
458 4243 3810 4465 Niederung ohne Aufschluß getrennt) verließ ich d. Bahn, links
473 4379 3834 4592 ab zum vorjährigen Lagerplatz in Pandambili Ankunft um
446 4582 3694 4757 10, Träger erst zwischen 12 u. 1. 4-5½ Regen, sodaß ich keinen
472 4737 1918 4964 Ausflug mehr machen konnte.
