4292 5213
3872 264 4026 366 77
604 263 3872 422 Nachm. sollten wir zum Kaffee nochmals d. Offiziere
484 375 3750 614 besuchen, hatten aber Beide nicht übermäßig Lust u.
465 530 3985 782 wurden durch ein mächtiges Gewitter der Verlegenheit
481 714 3804 946 enthoben. Leider stürzte es uns in die andre, daß
489 869 3967 1122 Alles unter Wasser geriet, fortgespült wurde u. ein
486 1019 4051 1320 Strom sich durch mein Zelt ergoß; auch die Strohdächer
489 1221 3269 1492 sind  solcher Übermacht nicht gewachsen.
725 1445 3895 1686 14. Dez. D. Bescherung in d. Gräben besichtigt, geholfen, wo
527 1573 3919 1835 zu helfen war. Ich auch in alten verlassenen Gräben des
547 1788 3285 2000 Bolachikombe-Bachs u. s. w. Es geht noch grade so!
750 1927 3907 2175 15 Dez. In Mtapaia neuen Graben in d. Trig-Schicht
564 2090 3773 2370 besichtigt: überrascht durch einen nicht vollständigen,
524 2282 3997 2540 aber soweit erhalten, ungestörten großen Saurier: Schulter„
571 2455 3881 2719 blatt, Oberarm, Rippen, ganzes Becken, Schwanz, Hals.
743 2685 3863 2879 Auf d. Hinwege Barappispuren verfolgt, ohne etwas zu sehen,
563 2875 3709 3045 leider zum Schluß wieder ein Mbawala angeschossen u.
602 3028 3633 3206 alles Suchen umsonst. Hier alles im herrlichen Grün.
644 3175 3893 3377 Gräben westl. vom Karani besorgt. Nach Kijenjere nicht mehr
636 3364 3633 3510 gekommen. Von 1-3 Regen, anfangs ziemlich heftig.
671 3506 3605 3695 Um 3 zurück, nochmals Barappis gesucht, aber alle
592 3700 2491 3849 Spuren verspült, nichts gesehen.
723 3852 3873 4029 16 Dez. Morgens in Kindope. Um 9 zurück, Herrn Schultze
592 4021 3758 4185 von der D. O. A. G. bereits angetroffen, ein mir
625 4175 3835 4340 außerordentlicher lieber Besuch. Abends Spazierweg
644 4392 1286 4511 am Berge.
680 4521 4024 4646 17. Dez. M. Hrn. Sch. in Kindope, dann hinab in's Mbenkuru-
675 4670 3963 4832 Tal u. über Doanika zurück. Nichts von Wild. Wieder sonnig,
