4292 5213
3834 272 3986 368 15
506 364 3957 483 Zweifel die Verbindung zwischen Lipugiro u. Itukuru
481 517 4042 644 herzustellen scheint, noch frisches, weniges dichtes u. nur
433 677 3918 820 hüfthohes Gras. In den sandigen Bergabhang ist (ohne
504 823 3822 984 die Spur eines Wasserhorizontes!) ein Brunnenloch
529 977 3917 1143 eingelassen, das ständig Wasser führen soll u. in
492 1149 4034 1337 d. Tat schnell nachfüllte, freilich trübe, milchige, aber
519 1306 3881 1494 recht kalte Flüssigkeit. Sonst Wasser nur stellen„
544 1469 3890 1656 weis im 20-30 Min. entfernten Mbenkuru u.
525 1616 2375 1807 jenseits die Hülle u. Fülle!
746 1723 3971 1968 Nach Tisch bis Abend auf d. Höhen herumgestreift.
536 1872 3870 2109 Viel Spuren, sogar die nicht viel Tage alte eines
521 2003 3953 2302 Elephanten, aber kein Wild. sichtbar. Das Pori noch
542 2276 1738 2450 sehr undurchsichtig.
693 2476 4023 2627 Sonntag d. 12.VI: Früh auf Jagd, erst in die Niederung,
566 2584 3866 2839 wo an der merkwürdig scharfen Grenze zwischen
541 2726 3925 2980 völlig trocknem u. ganz grünem hohem Sumpfgras
571 2923 3956 3149 einige kahle Flecke salzhaltigen Sand aufweisen,
571 3058 3814 3318 daher d. Tiere u. auch Menschen anlocken. Frische
506 3233 3880 3503 Spuren, auch d. höchst abenteuerliche vom Flußpferd
515 3435 4019 3663 (sie wurden nachts von meinen Leuten gehört),  u.
539 3618 3923 3818 schönes afrikanisches Landschaftsbild im Überschwem„
605 3760 3675 3973 mungsgebiet des jetzt trockenen Mbenkuru.
570 3912 3805 4141 Schönen Mbawalla-Bock in d. Nähe geschossen. Dann
568 4045 4001 4266 wieder auf die Höhe, keinerlei Großwild. Um 10 zurück.
554 4192 3889 4398 In eine nahe gelegene Schamba, von wo einer der
534 4383 4031 4513 Träger Korallen gebracht hatte; fand ein vollständiges
478 4501 2615 4685 Riff mit d. schönsten Korallen.
692 4670 3836 4853 Nach Tisch nach einem Fossilfundort. Ferner am Rande zum
