4292 5213
3743 225 3981 383 121
434 224 2672 513 7. Apr. Gepinselt. Safari zurechtgestellt.
436 450 3743 621 8 Apr. Mit unsern Lindileuten (J.'s Träger) aufgebrochen nach
422 498 4012 769 Kiroka, am N.W-Fuß d. Gebirges. Unterwegs Regen u. schauerlich
440 680 3934 949 nasses hohes Gras, aber hübscher Lagerplatz an d. alten Daressa-
438 842 1353 1075 laamer Straße.
457 933 3869 1243 9. Apr. Es führt Barrabarra nach meinem Ziele Sultan Kingaro
435 1140 3854 1368 in Kinole, aber die Schwarzen erzählten, der Weg sei steiler u.
466 1267 3908 1524 sehr verwachsen u. schlecht. Man führte mich einen beträchtlichen
464 1447 3984 1608 Umweg am Fuß des Gebirges bis zu einer neuen Europäer-Pflan„
471 1622 4017 1833 zung, dann über 2 niedrige Pässe in's obere Ruvu-Tal u. hier auf
2234 1791 2298 1847 ?
436 1768 4018 1994 sehr schweren steilen u. unnötig hoch gelegten Pfaden nach Kinole,
464 1861 4050 2114 wo wir gegen 1 eintrafen. Kein Mensch konnte eine einigermaßen
453 2015 3920 2267 verständige Auskunft geben. Mir persönlich war's sehr lieb, denn
450 2165 3940 2388 das Tal mit Blick auf d. hohen Mkambaka, der freilich nur
431 2375 3840 2543 Nachmittag zeitweilig ganz frei wurde, u. mehr noch die
462 2495 4009 2755 köstliche Lage des Häuptlingsdorfs hoch auf einem d. Tal beherr„
477 2619 3642 2884 schenden Vorsprung entschädigten reichlich, aber d. Träger
505 2777 4029 2986 taten mir sehr leid. Sehr schade war freilich, daß alle die Giganten-
501 2976 3888 3177 Häupter in nicht weichenden Wolken lagen. Gegen 4 hoffte ich
524 3078 3734 3335 auf klares Wetter für morgen, um 5 aber machten ein
474 3239 3786 3486 Windstoß, Temperatursturz u. augenblicklich sich bildende u.
519 3352 3813 3635 entladende Wolken den Hoffnungen ein Ende. Es war
514 3514 3646 3797 ganz riesengebirgsmäßig. Regen fast d. ganze Nacht.
562 3741 3985 3920 10. Apr. Morgens alles bedeckt. Ich wollte auf d. große Gebirgsstraße
534 3871 3889 4108 u. diese hinab nach Mrogoro, das war angeblich unmöglich,
539 4075 4001 4244 man behauptete die Missionare der unweit gelegenen Station
534 4196 3859 4415 gingen den einzigen Weg, den es gäbe; den führte man
556 4339 3850 4516 uns: Vituli-Paß. Für d. Träger war es bei dem bis 9h
526 4501 4020 4696 dauernden oft sehr heftigen Regen, den vollständig durchweichten
509 4662 4060 4881 u. wahnsinnig verwachsenen u. steilen Wegen eine böse Tortur
