4292 5214
3718 320 3856 465 13
428 425 2656 489 u. Sonnenuntergang. „Bata baridi.“
464 562 3930 704 6.VI: Um 4 aufgestanden, mit Kaiser gefrühstückt, der
475 729 3929 877 um 5 bei Laternenbeleuchtung abmarschiert. Hätte ihn
504 904 3893 1059 gern ein Stück geleitet, hatte aber keine Beleuchtung
525 1066 3857 1230 für d. Rückweg u. d. Sonne machte noch garkeine
500 1278 3971 1382 Anstalten zum Aufwachen. Von d. Barrabarra aus den
474 1405 3967 1610 Mtapa-Fluß aufwärts, einige gute Knochen darin. Perl„
506 1572 2271 1760 hühner. Zu den Gräben.
608 1773 4010 1966 7.VI. Briefe begonnen. Aufzeichnungen in Kindonde
449 1970 3044 2155 u. Kimuëra wieder aufgenommen.
587 2144 3981 2317 8.VI. Morgens am Wege zum Karani Ligona ein Stück
528 2328 2157 2475 abwärts. Keinerlei Wild.
809 2486 2799 2617 Begonnen Geographische Notizen.
723 2648 3951 2796 Bismarck „Gedanken u. Erinnerungen“ beendet. Ein
498 2811 4080 2966 eisernes „Landgraf, werde hart“ tönt für mich heraus.
456 2986 4008 3123 Schilderung sehr angeregt u. frisch. Betrachtungsweise von
492 3158 4052 3299 belebender u. lehrreicher Natürlichkeit. Zugleich ein Gang
484 3338 3740 3462 durch ein Leben, das sich der eigene Wille schuf.
739 3484 4060 3637 Nachricht, daß im Lukuledi-Tal keine Knochen, sondern
511 3649 2243 3789 versteinerte Hölzer liegen.
609 3875 4088 4015 9.VI: Morgens zum Maimbwi, dann zu allen Gräben.
522 4146 4046 4202 Entfernungen, die uns vorm Jahr nur als Sonntags„
513 4273 3965 4421 ausflug möglich schienen, werden zum Morgenspa„
472 4468 4002 4599 ziergang. Hocherfreuliche Funde an Rumpf- u. Hals„
523 4649 3798 4788 wirbeln u. a. m. Dürfen jetzt an 3-4 Stellen auf
540 4813 2478 4932 Schädel hoffen. Freilich: hoffen!
