4292 5213
305 326 410 394 76
507 343 3818 489 12. Dez: Die beiden Offiziere v. Cornatzky u Winterer zu Mittag
542 487 3673 648 u. Abend bei uns. Erwartete sie um 11 im Graben X am
487 638 3742 813 Wege, wo seit einiger Zeit eine große Anzahl von Stego-
502 799 3695 1005 saurier-Phalangen zum Vorschein kommen. Nachm. Bein„
521 995 3410 1173 knochen von Skelett A u. Boheti-Graben besichtigt.
604 1217 3773 1391 13. Dez. Ganz früh  erschien von Namundo her eine Elfen„
530 1385 3827 1596 bein-Safari v des englischen Elephantenjägers Richardson.
532 1549 3803 1755 Von Schwarzen habe ich (nicht in Form von Klagen!) Dinge
523 1702 3871 1909 über ihn gehört, die ihn mir als rohen Patron erster Güte
556 1862 3683 2064 erscheinen lassen. Ich wäre ihm daher gern aus dem
499 2012 3853 2217 Wege gegangen, aber leider war der Weg nach Lindi
548 2181 3861 2389 grade durch Schießübungen der Kompagnie gesperrt. Wir
580 2349 3755 2555 mußten ihn wohl oder übel aufnehmen, auch zum
569 2549 3851 2720 Graben führen u. englisch quasseln. Er machte so einen
521 2714 3867 2920 recht lebendigen u. nur durch sein unglaubliches Kostüm,
517 2907 3923 3080 seine ungeheuren Schultern u. seine gleichfalls in d. Sänfte
535 3065 3671 3260 getragene schwarze bibi einen ziemlich verrückten
541 3253 3669 3443 Eindruck, aber ich war froh, als er abmarschierte. In
569 3430 3747 3636 demselben Augenblick aber erschien der Feldwebel
567 3603 3727 3815 mit einigen 20 Askaris, um Knochen zu besichtigen,
568 3796 3587 3983 auf „Anregung“ v. Cornatzky's. Ich glaube die Askari
623 3974 3648 4171 wären lieber bei ihren Damen geblieben, sicher
567 4164 3594 4330 aber d. Feldwebel lieber auf Jagd gegangen. Er
553 4344 3893 4509 kam mir nicht ganz richtig im Kopf vor, soll übrigens
571 4512 3967 4685 auch Romane schreiben! Ich mußte also weiter Bärenführen,
554 4709 3757 4863 immer zu demselben Graben, da alles andre fort ist.
