4292 5213
276 312 404 374 66
474 304 3748 466 dann zwischen der Grasebene u. dem Mbalawala entlang.
490 441 3852 618 In Maonga folgte ich jedoch einem schmalen Fußpfade quer über
488 577 3740 750 die Fläche auf die Südseite, in deren gewaltiger Yangwa ich
490 703 3673 879 viel Wild vermutete. Zu meiner Freude stieß ich bald auf
452 850 3597 1020 Spuren der so lange vergeblich gesuchten Kudu's, und am
466 988 3710 1162 Waldrande einen niedrigen Hügel ersteigend, sah ich dicht vor
508 1126 3793 1296 mir ein Weibchen, das ich für Wasserbock hielt. Es äugte scharf
557 1254 3754 1429 zu mir hinüber, sodaß ich mich nicht rühren durfte, auch wollte
540 1377 3844 1577 ich ein Männchen fassen. Noch 2 Weibchen u. 2 Junge erschienen,
507 1528 3822 1724 alle zu mir hinstierend. Ein Tier ging auf mich zu u. langsam
534 1665 3702 1870 hob ich die Büchse, damit sie nicht vorzeitig entflöhen. Ich hatte
496 1801 3886 2013 nur die schmale Brust als Ziel, traf aber u. sah beim Wenden
533 1944 3887 2152 des Tieres anscheinend das Ausschußloch am Blatt. Ich wies daher
534 2097 3630 2300 die Leute an, die flüchtige Herde, die weit über eine
561 2260 3649 2444 offene Bucht hingallopierte, laufen zu lassen u. das
575 2405 3645 2603 angeschossene Tier zu suchen, das ich schon verendet
575 2552 3687 2763 glaubte. Ich mußte mich aber bald an d. Blutspur
583 2710 3679 2914 überzeugen, daß es mit bei den Flüchtlingen war.
587 2868 3581 3065 Im harten Boden war die Spur schlecht zu sehen u.
597 3025 3661 3223 Blut nur sehr sehr spärlich geflossen. Meine Begleiter
595 3189 3697 3366 verloren gleichwohl die Spur nicht. Nach sehr langer Ver„
565 3344 3699 3531 folgung fand ich mich aber in deratig dichtem u. end„
571 3489 3675 3690 losen Dornbusch, daß mir kaum klar war, wie eine
592 3634 3766 3827 gesunde Antilope ohne Verletzung hindurchkommen konnte,
602 3862 1760 3976 geschweige denn ein
1814 3752 2454 3843 vermeintlich
1760 3809 3801 3916 anscheinend schwer krankgeschossenes
606 3946 3738 4162 Tier. Ich mußte schweren Herzens abstehen. Die Durchque„
588 4104 3788 4306 rung des Ostteils erwies sich als fast unausführbar, wir
601 4261 3726 4463 machten daher den ganzen Bogen im Osten herum. Schoß
602 4426 3742 4624 nochmals auf 1 Buschbock, verfehlte ihn aber. Am Morgen
620 4608 3759 4781 hatte ich ein junges Weibchen (für Riedbock gehalten) er„
