4292 5214
3836 324 3938 382 19
435 324 3758 464 Selbstverständlichkeit, vor 12 brenne es nicht, es
442 465 3814 699 sei noch zu kalt (während mir d. Schweiß auf d.
425 659 3894 903 Stirne steht u. d. Sonne glüht) Mir ist diese Physik
459 848 3979 1101 zu hoch. Mußte durch wüstes Gras tapsen u. tasten,
437 1042 3847 1286 das kein Ende nahm, mich aus d. Orientierung
455 1212 3811 1466 brachte u. immer wieder durch d. Weigerung
507 1396 3995 1656 Feuer zu fangen, ganz verrückt machte. In einem
496 1656 3196 1842 Bachbett gute Knochenreste gefunden.
710 1805 3937 2059 Bei Salesi im Kipande neben d. riesigen Knochen
487 2024 3553 2233 ein prächtiger Theropoden-Zahn gefunden, der zu
539 2196 2916 2398 einem andern Tier gehören muß.
679 2432 1501 2584 Nachm. Jesus.
615 2600 3832 2769 21.VI: An d. gestern entdeckten Knochenstelle
525 2844 2510 2965 Graben angesetzt. Skelett G
2550 2701 2939 2774 wieder
2510 2792 3996 2894 in Angriff genommen,
562 2915 3739 3192 desgl. neue Grabungen bei nahe Skelett T u.
523 3095 3837 3366 unterhalb unsres Lagers an einer v. Janensch
563 3372 1745 3543 gefundenen Stelle.
780 3550 3628 3715 Nachm. Jesus. Schachpartie aus d. Zeitung.
537 3689 3523 3914 D. Barappi vom Maimbwi werden wieder
542 3850 3857 4086 gemeldet, aber zu spät. Außerdem stehe ich mit
519 4109 2157 4278 d. Gras auf Kriegsfuß.
762 4291 4029 4516 22. Zur Salesi-Stelle im Kipande. Nicht viel Neues
491 4462 3905 4688 Fluß abwärts bis in d. eigtl. großen Kipande, der zu
557 4635 3931 4860 meiner Überraschung ganz dicht am Plateaurand
