4292 5213
3832 219 4018 409 143
544 218 3821 469 20.VI: Janensch u. Staff kommen mittags zurück, ersterer weil in
552 411 3894 587 Mchuya bisher wenig zu holen. Staff vom Fieber wieder her„
549 538 4008 785 gestellt. Von Hrn. Furtwängler noch immer kein endgiltiger Bescheid.
628 707 3778 918 21.VI. Janensch geht auf einige Tage nach Mtapaia u. Niongala,
547 901 2447 1146 dortige Knochenfunde zu besichtigen.
814 1072 3877 1247 Mit Dr. v. Staff mehrfach Schach gespielt. Zu meinem Ent„
579 1161 3887 1405 setzen fast regelmäßig verloren, obwohl er wenig bei der
605 1359 4003 1521 Sache u. obwohl ich eigentlich nicht sagen kann, daß er besser
568 1422 3937 1713 spielt, aber darauf kommt's schließlich im Kriege nicht an.
592 1565 3968 1836 Durch gemeinsame Analyse kamen wir dahinter, daß ich alle
549 1719 3998 1964 Kraft auf Mittelspiel u. Offiziere verlege, er aber es garnicht
545 1867 4015 2089 dazu kommen läßt, sondern von Anfang an auf Bauern-
535 2039 3932 2307 Endspiel ausgeht u. zu diesem Zweck schonungslos weg„
542 2212 968 2456 tauscht.
776 2298 3950 2562 Ein Einschreibebrief für Furtwängler kommt aus Lindi hier
549 2472 3742 2699 an, für uns wohl ein Zeichen, daß er mindestens die
532 2588 1875 2867 Absicht hat zu kommen.
662 2779 3781 3071 24.VI. Mittags Janensch zurück, Funde in Niongala gut.
577 2952 3765 3220 Nach Tisch Poscho-Zahlung. Währenddessen kam Furtwängler
562 3121 2837 3397 an. Also zu Viert am Tendaguru!
694 3279 3835 3520 Sonntag d. 25.VI. Um uns mit genügend Fleisch zu
554 3499 3917 3728 versehen, früh auf Jagd in dem niedrigen Gras längs
585 3619 3803 3825 des Lipogiro, nichts gesehen; die Andern in der Gemüse-
613 3804 3766 4022 Schamba. Las Dr. v. Staff's Separata u. habe wieder das
615 3932 3872 4163 Gefühl, daß ich mit ihm nicht konkurrieren kann. Ich redete
623 4055 3934 4298 mir in Berlin ein, die Lage sei für geolog. Arbeiten zu
607 4186 3794 4454 ungünstig, jetzt sehe ich diese seine wirklich bedeutenden
599 4356 3705 4544 Arbeiten selbst über Gegenden, die er nicht nach den
591 4467 3839 4742 Augenschein kennt. Er ist auf der Höhe in den großen Fort„
572 4660 4033 4923 schritten, die die Geologie der ach so oft geschmähten Geographie
