4292 5213
277 334 473 458 12
638 311 4007 465 30 Mai: Morgens am Kitukituki-Graben in Oel begonnen.
475 440 3939 611 Danach zu einigen Gräben, erfahre, ein Europäer sei ange„
433 583 3718 767 kommen u. begebe mich nach Haus. Bischof Greiner auf
451 724 3995 905 Inspektionsreise von Kilwa-Matumbi nach Lukuledi-Tal einen
451 881 3947 1066 Tag bei uns. Freundlicher natürlicher Mann mit gesunden
431 1031 3735 1212 naturwissensch. Interessen. Besichtigt mehrere Gräben u.
463 1171 3849 1386 bringt einen Saurierknochen-Splitter von Mbate nördl.
475 1339 3854 1523 des Mbalawala mit. Es wird nachgrade unheimlich.
586 481 3540 667 31. Mai: Bischof Greiner abgereist. Etwas am Graben
517 1650 3865 1848 gepinselt, dann zu d. andern Gräben. Der Monat hat
515 1817 3785 2023 recht erfreuliche Resultate (ca 100 Lasten brauchbaren
503 2048 1710 2183 Materials) gebracht.
827 2179 3955 2339 Nachmittag: Lohnzahlung. Abds. Zeitschr. d. geogr. Ges.
499 2332 2957 2502 Nachricht vom Tode d. Königs von England.
689 2530 3935 2723 1. Juni: Morgens über Doanika-Kindope u. viele
563 2687 3933 2888 Gräben durch's Pori auf Jagdstreife. Das Gras ist wahn„
543 2845 3987 3018 sinnig. Ein kl. Tierchen entsprang, sonst nichts zu sehen.
631 3035 3960 3280 3. Juni: Abends, als ich schon im Zelt war, um zu Bett zu gehen,
572 3292 1447 3438 Ankunft der Post.
598 3374 3903 3627 4. Juni. Um f. Kaiser's Besuch einen Braten zu fassen, am
532 3528 3965 3799 Maimbwi u. auf d. Lipugiro 5 Stunden gejagt. Nicht das geringste
562 3686 3865 3955 zu sehen u. bis auf d. Stechfliegen trotzdem schöner Spazier„
580 3847 3889 4110 gang. Besichtigte freilich nur noch d. Gräben, an denen ich
578 4042 2215 4260 auf d. Rückwege vorbei kam.
573 4087 3791 4421 Sonntag d. 5. Juni: Vorm. Abermals nach Maimbwi u.
547 4338 3925 4623 Lipugiro auf Jagd, ohne etwas zu sehen. Erwartete Kaiser
537 4541 3909 4778 dann 1 gute Stunde vor d. Lager u. begleitete ihn nach
589 4736 3857 4920 Haus. Mit ihm nur gegen Abend zu einigen Arbeitsplätzen
