4292 5213
311 307 414 365 40
480 426 3890 520 sehr schnell nachließ u. aufhörte, die Wunden schließen
526 558 3700 721 sich unglaublich rasch. Leider wieder verloren u.
566 728 3882 882 doch glaube ich, daß d. arme Tier die Angst nicht über„
517 904 3902 1082 lebt. Graben in Kijenjere recht erfreulich, auch hier
547 1102 3846 1231 der Stegosaurier, ferner eine hübsche lange Schwanz„
557 1246 3559 1389 rute, die wegen der starken Ungleichmäßigkeit u.
565 1407 3873 1548 plötzlichen Übergänge unter den einzelnen Wirbeln
559 1552 3803 1734 Beachtung verdient. Um ½ 12 im Zelt beim Karani
556 1731 3662 1908 angelangt, um 12 gegessen, um ½ 12 wurden mir
551 1886 3627 2089 Barappis in d. Nähe gemeldet u. gleich nach 1
535 2048 3837 2240 lag ein kapitales Männchen vor mir. Um ½ 4 am
530 2197 3724 2411 Tendaguru angelangt, 9-10 Std. auf d. Beinen mit
547 2413 1639 2584 1 Std. Mittagsrast.
858 2511 3706 2738 27. Aug: Dicht am kl. Magazin, zwischen Skelett A u. C,
609 2651 3642 2899 fast unter dem täglich 100-fach betretenen Wege entdeckt
620 2819 3674 3052 Janensch neben einigen Halswirbeln, die mich gestern
653 2979 3643 3191 abgehalten hatten, den Graben liegen zu lassen, ein
665 3127 3649 3368 Stück, das Hinterhauptsloch u. -Kondylus zu enthalten
684 3296 3681 3510 scheint, desgl. in Kindope nahe der schönen Wirbel„
659 3516 2857 3687 säule, hier anscheinend andre Form.
982 3666 3711 3868 Nachm. Poschozahlung. Unmittelbar darauf nach
603 3855 3645 4064 Nanundo (Jumbe Omari) abmarschiert. Um 6 dort an,
633 4038 3771 4202 achtete heut auf die Richtung: wie vermutet (in mei„
648 4237 3749 4320 ner Vorstellung ganz anders!) ziemlich genau n. W.
