4292 5213
248 258 448 451 122
404 324 3915 493 u. ich war froh, daß nur Einer sich gehörig d. Knie aufriß. Auch
420 424 3775 673 ich bedauerte, in d. ersten Hälfte vom Gebirge überhaupt nichts
440 571 3790 802 u. am imposanten Vituli-Kessel nicht die volle Höhe der steil
477 721 3810 885 darüber aufstrebenden Berge zu sehen, auch wollte ich auf d.
479 808 3790 1026 andern Seite des Bgs. herum, merkte das freilich nur zum
464 1025 3941 1275 Schluß auf d. Karte. Höchst lohnend war es trotzdem wegen der
509 1135 3966 1400 schönen Gebirgsluft (ich schätzte den Paß auf 1000 m) u. des Einblicks
517 1272 3781 1528 in den tropischen Urwald, der dem von Amani nicht nachsteht,
476 1454 3698 1736 sogar unberührter erscheint u. unter all den großblättrigen
532 1590 3861 1836 Pflanzen die Königin, die wilde Banane, auch Baumfarne
510 1785 3948 1998 sehr reichlich aufweist, für den auch die Regenstimmung durchaus
567 1917 3771 2223 passend war: die hellglänzenden Oberseiten der Blätter,
561 2084 3907 2355 der dunkle grüne Schimmer ließen mich zuweilen glauben,
558 2277 3888 2539 ich wanderte bei hellem Vollmondschein. Ich um ½1, die Träger
567 2435 3440 2710 gegen 4 in Mrogoro. Stiftete ihnen reichlich Pombe.
757 2578 3615 2876 Gegen Abend die weite Reise zur Boma hinauf, um
566 2731 3754 2995 Hrn. Zingel zu besuchen u. bei Bez.-Amtmann Lamprecht
542 2868 3850 3158 Zebra-Beichte abzulegen. Auf d. Wege mir Entgegenkommende
583 2990 3970 3247 behaupteten regelmäßig, Beide seien oben auf d. Boma, natürlich
571 3131 3882 3357 waren sie unten in d. Stadt, ich konnte nur d. Karte abgeben,
587 3262 3905 3493 bei Lamprecht eine ganz gute Lösung, da ich nicht weiß, was
600 3487 3847 3696 Sattler in d. Sache bereits getan hat. Traf sie dann auf d.
586 3644 3929 3865 Rückwege, wo ich solche Angelegenheit auch nicht besprechen konnte.
625 3715 3791 3988 Der Karroo-Fund, über den ich Erkundigung wünschte, ist
598 3896 2021 4163 anscheinend nichts neues.
803 4023 3794 4288 Ungemütliche Abendbrot-Gesellschaft, nicht nur roh, sondern
669 4213 1211 4438 auch platt.
799 4322 3711 4597 11. Apr. Wieder feiner Dauerregen; photographierte die
643 4485 3833 4688 wundervollen zahmen Buschböcke u. ein junges Kudu des
629 4624 2758 4896 Hrn. Haydn, die an Hagenbeck abgehen.
