4292 5213
3841 238 3971 329 45
484 315 3959 446 15. Sept. Unerwartet pünktliches Eintreffen der Post. Leider
646 467 4013 625 recht traurig: Großmamas Zustand gleicht einem sanften
635 642 4045 794 aber unendlich zähen Todeskampf u. nicht nur ihr selbst
621 796 3785 963 wünschte man Erlösung, sondern auch Mama, die
657 967 4037 1141 darunter seelisch leidet u. auch so gefangen gehalten
668 1112 3812 1321 wird, daß sie sich zu meinem Kummer dies
716 1333 3374 1463 Jahr keinerlei Erholung gönnen kann.
808 1534 3925 1684 Sonntag d. 18. Sept: Auf Jagd im Mbenkuru-Tal. Ging an
638 1714 3956 1874 den neuen Gräben unterhalb der Barrabarra hinein u. folgte
627 1860 3725 2027 dem Plateaurande. Schon beim Abstiege machte sich ein
633 2007 3932 2182 wenig Verdauungsstörung u. nicht ganz vollkommenes
637 2147 3977 2357 Befinden bemerkbar. Ich suchte mir wenigstens noch ein
626 2380 4048 2531 Schwein, ehe ich umkehrte. In einer der Randbuchten
643 2545 3966 2693 glaubte ich 2 Mbanjo's im Grase zu sehen u. ging ohne
646 2703 3990 2841 große Vorsicht näher, als plötzlich Barappi aufspringen.
672 2899 4045 2989 Folgten auf den Plateaurand, in die  nächste Bucht
621 3043 4017 3219 wieder hinab, inzwischen 2 Ngorombwe, 1 Mbawalla
645 3215 3923 3360 gesehen. Dann stand die Herde vor mir. Beim
651 3379 3749 3497 ersten Schuß gingen alle ab, nur eins sah ich
602 3500 3847 3682 alsbald wieder stehen bleiben u. hielt es für
601 3716 4067 3855 angeschossen. Ging vorsichtig heran, da sah ich das Getrof„
642 3876 4025 4028 fene bereits tot liegen. Aber das zweite stand
635 4031 4057 4194 jetzt so günstig, daß ich mich wieder verleiten ließ.
619 4214 3976 4370 Auch dies fanden wir dicht dabei liegen, doch trotz
641 4387 3981 4524 weiterer Schüsse stand es noch zweimal auf, ein„
661 4539 3994 4687 mal als ich bereits d. Gehörn gepackt hatte u. Ali
651 4694 4033 4828 zum Schächten ausholte. Es war ein altes Männchen,
659 4810 3825 4959 aber leider ein Horn durchgebrochen, also müssen auch
