4292 5213
3872 253 4001 367 55
452 302 3820 429 durft, denn die roten Nkanga-Konglomerate vertreten
463 424 3809 579 hier die Rolle der Newala-Sandsteine in d. Hochplateaus.
497 581 3937 750 Beim Abstieg nach Pilepile fand sich unter ihnen schön auf„
482 711 3958 927 geschlossen erst ein Austern-Horizont, dann Korallen, dann
472 837 3857 1097 Schnecken (vermutl. Bornh.'s Nerineen-Schicht), endlich eine
481 1001 3802 1258 Muschelbreccie von solcher Dichte, daß d. Querschnitt wie
462 1145 4057 1433 Fluidalstruktur anmutete. Leider konnte ich abends wegen
499 1295 3845 1590 meiner Verdauungsstörung nicht selbst weiter sammeln,
475 1509 3802 1776 sondern mußte Leute schicken. Auch d. Hitze war höchst
503 1647 3943 1934 abschreckend. Endlich mußte ich Kaiserin-Geburtstag feiern,
541 1800 4033 2123 der heut in Lindi mit Parade u. Volksspielen begangen
520 2022 3804 2249 wird, u. um den ich meine Leute gebracht hatte.
526 2121 3861 2443 Werfen, Speerschleudern, Ringkämpfe, Stockfechten, Springen
476 2311 4045 2640 u. a. m. machte viel  Spaß u. ausgesetzte Preise feuerten
515 2500 3762 2827 an. Springen können d. Schwarzen allgemein nicht, sie
500 2785 1662 3002 üben es auch nicht.
768 2908 3997 3154 23. Oct. Noch bei Mondschein aufgebrochen, über ein Tal (Namban-
603 3063 3850 3295 diti u.? Kandiro-Fluß) zum Nemba, höchste Erhebung eines
579 3218 3997 3458 den Namgaru-Kessel in 2 Hälften (Kandiro u. Namgaru)
578 3371 3963 3603 teilenden Querriegels, auf dem der Weg mit schönen
554 3620 1909 3737 u. lehrreichen Bildern
1910 3556 2029 3601 auf
1909 3525 3826 3662 nach beiden Seiten führt. Fand
560 3635 3947 3910 aufstehend oder doch in Blöcken, die nicht weit vom Ausge„
555 3797 3985 4073 henden lagen, erst wie außerordentlich grobes Konglo„
573 3998 3869 4234 merat, das gegen Fraas' „zunehmendes Korngröße“ spricht, mit
561 4160 3977 4380 faustgroßen Einschlüssen, ferner am Nemba selbst das öfters Erhebun„
577 4336 3955 4547 gen schaffende Nkanga- Mahimbwi-Konglomerat von charakte„
555 4485 3979 4699 ristisch rotbrauner Farbe u. unter ihm jene Muschelbreccie vom
521 4654 4025 4853 Nambawalla-Abstieg in gleicher Höhe wie dort. Von den Zwischen„
538 4823 3910 4948 horizonten keine Spur, auch beim Abstieg nach Namgara nicht,
