4292 5213
3785 280 3949 384 87
441 282 3785 421 Sonntag d. 8. Januar. Eßvorräte verpackt. Kartenzeichnen.
441 430 3347 620 Geographika. Wieder sehr heiß u. trocken.
599 593 3819 796 Das wären jetzt so schöne Tage allein für private
483 762 3923 925 Beschäftigung oder auch nur zum Malen, aber es sind
467 934 3923 1087 zuviel kleine Dinge zu erledigen, wenn ich nur bis
486 1094 1953 1252 Dienstag fertig werde!
738 1215 3865 1457 9. Januar: Auch heut trocken u. warm, wenn auch d.
462 1367 3964 1632 Sonne zeitweilig mittags bedeckt. Abends wieder ganz
517 1521 3831 1789 klar, nur im SW ein fernes Gewitter. Hätte gern noch
515 1680 3903 1951 d. Profil Nangulure-Namundo abgeklopft vom Gneiß bis
523 1852 3809 2120 auf d. Makonde-Plateauhöhen, aber für einen Tag ist es
564 2045 3986 2279 zu weit, an Routenaufnehmen u. Fossiliensuchen garnicht
545 2208 3779 2435 zu denken; vor allem bin ich aber hier voll in An„
565 2395 2941 2581 spruch genommen, auch morgen noch.
647 2532 3804 2779 10. Januar: In eifriger Tagesarbeit lichtet es sich, ich
543 2691 3739 2949 bin soweit fertig, daß ich morgen abrücken kann.
525 2851 3731 3085 Einige Arbeit für die nächsten Tage, die ich noch angebe,
545 2996 3937 3222 erfordert meine Anwesenheit nicht u. unsere Leute
563 3138 3961 3366 sind gut. Wenigstens glaube ich mit aller Gewißheit
524 3293 3946 3522 sagen zu können, wie es hier ohne uns zugehen wird,
556 3485 2705 3680 u. das nenne ich Zuverlässigkeit.
689 3612 3871 3846 Nur nachmittags wenige harmlose Tropfen auf Au„
552 3792 3829 4016 genblicke, aber vielfach bewölkt. Die Ernte könnte all„
563 3977 2521 4152 mählich in Gefahr kommen.
762 4169 3336 4340 Vielleicht der letzte Tag am Tendaguru? Zu
3351 4101 3599 4182 seinem
3336 4187 3854 4307 Genuß
555 4357 3787 4524 bin ich nicht gekommen, aber wer fragt danach.
