4292 5213
3704 295 3797 414 71
422 259 1812 411 Vergnügen eigener Art.
535 419 2843 579 19. Nov. Kindope-Gräben. Poscho-Zahlung.
490 635 3846 796 Sonntag d. 20. Nov: Ruhetag. Zeitungen. Malversuche. Schach.
582 824 3865 973 21. Nov. Eine Reihe recht schwerer Lasten nach Lindi abge„
538 995 3644 1085 fertigt. Nicht ohne viel Schererei. Als nachmittags die
498 1124 3878 1281 Meldung kam, eine 22-Männer-Last könne nicht vorwärts,
517 1278 3760 1455 schickten wir lediglich die Nilpferdpeitsche hinterher. Das
533 1449 3915 1627 klingt so furchtbar grausam nach Onkel Tom's Hütte, ist aber
547 1590 3841 1774 nicht nur etwas hier vollständig Natürliches, sondern auch
505 1746 3794 1918 frei von jeder Rohheit. Die Leute waren ärgerlich, daß sie
475 1892 3849 2067 nicht Einzellasten bekommen hatten, zur Not hätte auch die
527 2060 3830 2232 Hälfte Träger genügt. Janensch will dieser Tage aus ver„
475 2206 3412 2392 schiedenen Gründen auch wieder selbst nach Lindi.
673 2415 3968 2573 22. Nov. In d. Nacht - eine höchst überflüssige Zeitform in Afrika! -
543 2565 3839 2739 unerwartet plötzlichen Durchfall. Vorm. nur wenig gegangen,
540 2733 2029 2907 Fossilsammlungen geordnet.
598 2895 3881 3080 23. Nov. Janensch morgens ab nach Lindi. Am Tage mehr„
580 3073 1674 3219 mals schwache Regen.
636 3187 3735 3380 24. Nov. Bei Skelett S mit Ölfarben Zeichen gemacht. Für d.
470 3318 3873 3528 Schwarzen ein groß Wunder. Hörte, wie sie sich darüber
553 3487 3859 3696 unterhielten. Ob wir Europäer denn nicht früher auch solche
538 3678 3747 3862 Leute wie sie gewesen seien, u. wie wir zu all den
489 3833 3913 4019 Herrlichkeiten kämen. Boheti gab die allseitig befriedigende
529 4005 3508 4174 Erklärung, wir lernten eben alles in der Schule.
580 4171 3866 4353 25. Morgens über Doanika-Quelle u. Mbenkuru-Tal nach
469 4340 3862 4541 Kindope. 1 nguruve geschossen. Dann 3 Wasserböcke aufgejagt,
489 4497 4025 4695 aber in d. weiten freien Ebenen kam ich auf immer größere
483 4710 4003 4851 Entfernungen zum Schuß, natürlich ohne Erfolg. Wieder kein Männchen
3406 4823 3704 4906 dabei
