4292 5213
268 243 560 409 132
541 292 3929 582 ohne Druck von oben gut gesäuberten Wege in u. zwischen
534 445 3880 743 den Schamben. Auch d. Felder selbst gut gereinigt, aber die
519 627 3826 911 Häuser oft äußerst mangelhaft oder defekt. Schon um 9
556 812 3927 1060 zurück. Allerlei Beschäftigung im Zelt, da weder Geologisches
548 951 3941 1171 noch Jagd in d. Nähe. Außerdem von 12½ ab reichlich Regen.
710 1147 3997 1406 25. April. Morgens wie auch nachts Regen, daher gewaltig schmutzig.
562 1303 3924 1518 Gott sei Dank, daß ich da herauskomme!. Marsch längs der Bahn
562 1402 3964 1710 (ich meist auf d. Schienen balancierend) 4 km bis Station „Msua“
597 1566 3894 1858 ein Fluß, der hier nicht vorbeikommt, u. ein Ort an diesem,
594 1697 3890 1996 der mindestens 30 km. entfernt liegt; aber es führt ein
536 1857 3944 2187 Weg von hier dorthin! Die Zeit bis 2 Uhr verging, obwohl
564 2012 3896 2288 man sich in dem Sumpf u. immer wiederholtem Regen
544 2201 3933 2454 nicht rühren konnte, erstaunlich schnell. Im Zuge auch Sattler,
516 2358 3819 2635 zusammen nach Daressalaam (muß Preise von Kitugallo
526 2518 3884 2800 bezahlen!) Am Bahnhof erwarten uns Janensch u. Voertmann
494 2653 3906 2976 letzterer mit einer Einladung zum Abendbrot. Gehe sehr gern
493 2780 3843 3113 zu ihm, aber jetzt wahnsinnige Eile beim Umziehen. Außer
511 2990 3908 3250 Sattler noch einige Herren dort. Kalte Ente u. gutes Essen, wie ja
517 3169 2748 3470 bei Voertmann selbstverständlich. Sehr müde.
644 3315 3911 3552 26. April. Nachm. Kempner aufgesucht. Abends außer ihm noch Sattler
543 3453 3775 3763 u. als Janensch's Gast ein Hr. Bühl von d. Bank bei uns zum
548 3629 3849 3908 Essen u. Geburtstagsbowle, da Sattler morgen schon wieder
568 3771 3323 4063 fortmuß. Voertmann kam noch ganz zum Schluß.
625 3876 3872 4178 27. April. 3ter Geburtstag in Afrika. Morgens Spaziergang am
505 4058 3887 4315 Strand u. in den Anlagen (Versuchsgarten), wo mich eine Schar
531 4189 3405 4492 garnicht scheuer tumbili's belustigte. Besorgungen.
552 4348 3725 4621 Abends: Richter im Hotel angetroffen, mit ihm eine Fl. Wein;
486 4516 3595 4781 wieder erst um 12 zu Bett. Dies unsolide Großstadtleben!
604 4645 3776 4934 28. Apr. Nach Tisch. Schach m. Janensch. Abends Beide bei
