4293 5214
3804 263 3924 385 97
427 388 3797 551 boden, doch unterwegs noch mehmals eingeregnet. Rast
481 568 3949 738 in Meuta. In den folgenden vielfach gequerten Tälern einige
500 717 3742 876 Aufschlüsse der Kreide. Im Dorf Kihaha nur ein altes Weib,
549 890 3898 1031 anscheinend waren die übrigen Bewohner geflohen. Da keine Aus„
490 1050 3628 1221 kunft zu haben war, nahm ich nach der Karte an, auf dem
516 1242 3947 1416 Mbuto sei ein Dorf u. marschierte den Steilhang hinauf.
515 1441 4015 1592 Nur wildester Makonde-Busch, da offenbar große menschen„
549 1611 4037 1763 leere Strecke vor uns, kehrte ich um u. blieb in Kihaha (an 12 Uhr)
677 1776 3999 1917 Erfuhr, daß pelele nicht, wie Weule behauptet, die Lippen„
529 1948 4021 2076 scheibe der Wamakonde sei (ndonya), sondern ein Ohrenschmuck
541 2106 3976 2231 im Anfangsstadium. Weule's Arbeit erscheint mir immer
540 2267 3550 2404 mehr als thörichte Pfuscherei u. Selbstbelobhudelung.
652 2439 3812 2581 4.II: Barrabarra durch den Busch auf Plateaustück hin,
498 2601 3847 2740 sie endete dann plötzlich in bloße Schenzi-Pfade beim Ab„
552 2729 3805 2897 stieg, doch war es nicht mehr weit bis zum Rande
488 2888 3952 3075 d. Grasebene. Ging hier mit Boy, Führer u. „paläontol. Funde“
519 3043 3947 3232 rechts ab. Schon nach wenigen Schritten riefen mich meine
515 3218 3859 3408 Begleiter an. Auf der Anhöhe rechts vor uns stand ein
540 3378 3689 3578 Barappi. Es war mir zum Schießen zu weit u. zum
523 3582 3906 3729 Anschleichen nicht ein Busch, ging ungedeckt langsam in d.
481 3752 3818 3888 Richtung vor, doch beäugte es uns stark u. ging ab. Nun
523 3916 3797 4061 schnell hinterher bis zur Höhe. Wieder stand es auf der
519 4068 3739 4209 nächsten, ziemlich fern, doch schoß ich, der Atem ging zu
521 4231 3771 4376 schnell zu ruhigem Zielen, ich fehlte es. Nun jagte es ab
565 4396 3863 4550 in die weite Ebene vor uns. Ich folgte schnell dahin
497 4575 3814 4699 wo es gestanden hatte u. wo alles Land zu übersehen
506 4732 3806 4842 war. Das Tier war wie im Erdboden verschwunden.
