4292 5213
3888 254 3988 304 57
409 303 4019 397 sich auch der sehr reizvolle, aber durch Steilheit u. Sonnenbrand
443 409 3812 555 etwas anstrengende Weg. Oben am Rande weiter Blick
489 524 3872 690 nach Osten, wo sich ganz matt ein winziges Stückchen
522 692 4024 848 Meer kaum vom Himmel abhob. Dann noch ca 3-4 km
518 877 3735 1005 (35 Min) ebener Weg nach W. dicht am Plateaurand mit
497 1039 3829 1156 spärlichen Blicken zum  Noto hinüber. Beim Jumben
523 1196 3925 1330 um 940h. Hätte vielleicht noch weiter gehen können,
524 1360 4030 1487 doch wollte ich die Höhe u. d. gedeckte Schaurihalle auskosten.
525 1531 3977 1640 Eigenartige Gehöftanlage am Ende einer schnurgraden
569 1709 3720 1803 mächtigen Barrabarra, die von N herauf kommt:
1172 1825 1449 1881 Schauri-
1165 1906 1327 1942 Halle
1555 1874 1789 1927 Wohn-
1598 2131 1812 2183 Häuser
2226 2043 2808 2151 Barrabarra
1058 2187 1271 2302 Jumbe
1095 2375 1248 2475 Hof
1502 2328 3953 2378 Der Jumbe hatte ein stattliches, sehr hohes
1428 2447 1730 2549 Haus.
633 2633 3818 2764 Nachm. auf d. Barrabarra nach N, um Kleinwild zu suchen,
538 2772 3869 2919 fand aber auf beiden Seiten zusammenhängenden undurch„
535 2927 3959 3065 dringlichen Busch. Die Straße führte mit einer schwachen Wendung
552 3102 3946 3217 nach etwa 1 km. unerwartet an den hier nach O. eingezo„
595 3247 3936 3353 genen Plateaurand u. stieg hier nach N. in d. Richtung
584 3383 3985 3513 auf Matapua hinab. Es eröffnete sich ein schöner freier Rund„
539 3523 3897 3676 blick auf das Schwesterplateau u. 3 charakteristische Berge an
553 3665 3828 3826 seinem Nord-Ende, sowie auf das Mbenkuru-Land
531 3823 3795 3988 bis zum Ruawa u. Mbalawala. Das Tal von Matapua
548 3972 3893 4146 war nicht mit Sicherheit herauszufinden. Einige Anpei„
570 4195 1030 4302 lungen.
873 4316 4017 4458 24. Oct. Um 4 aufgestanden, Mondschein schon schwächer. Fühlte
539 4471 3997 4624 beim Waschen plötzlich einen scharfen Stich im Fuß u. wäh„
519 4612 3801 4758 rend ich ihn hob, mehrere zugleich im andern. Imı
514 4773 3877 4912 selben Augenblick war auch das Zelt bereits von großen
