4292 5213
3653 155 3913 332 107
364 279 3920 468 wieder nicht mehr zu stimmen. Auch sollte nach Bornhardt südl.
362 406 3890 722 Mtshingiri das Plateau bis über 800 m. steigen. Weder war
424 654 3873 806 über die Baumkronen hin etwas zu sehen, noch aus den
408 740 4012 1007 Antworten der Eingebornen eine Bestätigung zu entnehmen.
605 938 3717 1151 25.II. Über Rubiagire zum Lutamba. Hoffte durch
475 1162 3906 1309 die zerrissenen roten Wände zu kommen, die man
487 1283 3739 1545 vom See aus sieht, u. die Schichten von Pilepile
522 1430 3825 1728 hier irgendwo wieder zu finden. Aber nichts
475 1603 3786 1846 davon. Schöner Morgenspaziergang auf bereits
512 1791 3742 2041 gereinigter Barrabarra in freilich nicht sehr
497 1950 3812 2211 wechselreicher Vegetation, nur der dichte Nebel gab
544 2069 3890 2374 ihr etwas Silhouette. 2 Std. strammen Marsches bis
524 2236 3867 2571 Rubiagire leider ohne jeden Ausblick auf die
500 2481 3757 2753 Plateauformen oder in's Tal. Dann links ab
558 2667 3980 2872 sehr allmählich bis zur Plateaukante aus groben
495 2822 4059 3083 Nkanga-Konglomeraten, darunter steil u. steinig.
503 3001 3840 3244 Bei Rubiagire sah man einen Taleinschnitt nach N.
505 3118 3953 3423 entwässernd, dahinter die gleiche Plateauhöhe weiter
501 3307 3762 3595 nach O gehend, über die eine Barrabarra nach
521 3464 3746 3782 Mtua gehen soll. Hätte ich das eher erfahren! Nach
540 3652 3838 3860 meinem Barometer liegt Rubiagire tiefer als das
548 3824 3811 4111 Lager beim Bakari, während ich ganz eben zu
582 3993 3656 4278 gehen glaubte. Das Vorplateau scheint fast hier
587 4171 3773 4450 allmählich in's Rondo überzugehen, also garkeins
598 4343 3766 4604 zu sein. Und nirgends die geringste Übersicht̄!
634 4484 3762 4760 Der Abstieg führte über ein mit tropischer Üppigkeit
565 4638 3728 4931 bewachsenes kl. Tal voller Bananen, dann an
