4292 5213
3702 298 3866 422 21
418 402 2867 457 der Nacht zurück. Einiges zum „Jesus“.
745 558 3830 698 27.VI. Morgens fieberfrei, aber den ganzen Tag
504 718 2051 859 über liegen geblieben.
675 877 3963 1037 28.VI. Blieb auch heut noch liegen, da ich es für ein
489 1049 3897 1231 ungünstiges Zeichen ansah, daß ich mich im Bette im„
509 1237 3903 1435 mer noch wohl fühlte. Mittags wegen zu starker
492 1456 3826 1612 Hitze aufgestanden. Heute wieder schönes Trocken„
557 1625 3883 1787 heitswetter, während 24-27 fast ständig bedeckt u.
508 1811 3237 1982 in d. Nachbarschaft einige Regenfälle.
671 1992 3891 2170 29.VI. Wieder zu einigen Gräben gegangen, noch
578 2203 3793 2303 etwas schwach. „Jesus“. Neuen Tumbili bekommen.
652 2317 3761 2536 30.VI. Wieder völlig wohl. Nachm. Lohnzahlung,
582 2540 3765 2709 bei über 300 Mann ein langwieriges Geschäft.
1636 2669 2368 2747 Viel bedeckt.
683 2705 3959 2913 1. Juli 1910: Neuer Graben (Moh. Keranje) unweit Skelett E
585 2873 3859 3108 begonnen, prächtigen großen Humerus freigelegt.
547 3033 3581 3281 Mit d. Packkolonne in Graben IX eingepackt.
733 3237 3839 3431 2. Juli: In Graben XV einzupacken begonnen.
553 3395 3921 3617 Bei den zahlreichen, weit verstreuten Arbeitsstellen
601 3561 3928 3766 jetzt viel Arbeit. Zum Glück kühl, da größtenteils
560 3831 2715 3923 bedeckt. Poscho-Zahlung.
702 3944 3801 4128 Sonntag d. 3. Juli: Ganzen Tag mit Kopieren u.
536 4135 3783 4309 Vorbereitungen zum Entwickeln beschäftigt. Fehlt
537 4288 3793 4504 leider allerhand, so daß ich nicht dazu komme.
523 4468 3969 4675 Konnte nicht am „Jesus“ schreiben, wie beabsichtigt,
522 4677 4027 4857 da Janensch größtenteils zu Haus. Bedeckt, nachm. sogar
