4292 5213
3780 136 4006 351 137
437 220 3963 468 19.V. Komme endlich nach Mtapaia, wo längst d. Arbeit aufgenom„
476 397 3836 539 men, bisher Janensch's wegen gewartet. Er „kommt“ auch
447 503 1934 789 heut nicht nach Kindope.
486 625 3899 941 20.V. Janensch legt in d. alten Schamben einen Gemüse„
471 794 3665 1054 garten an, für den ich als heftiger Karnivore wenig
459 963 3991 1225 Interesse habe. Auch scheint mir unser Interesse hier ander„
467 1079 3932 1361 weitig reichlich engagiert zu sein, indes das ist Gefühls„
468 1234 3921 1552 sache. Janensch wünscht, daß ich erst morgen ziehe; immer so
450 1435 3711 1728 spät als möglich! Ich möchte wegen d. Poscho nicht widersprechen.
659 1548 3718 1837 Wegen Drahtunterbrechung noch immer ungewiß, ob
498 1703 2431 1991 v. Staff an Bord. Poschozahlung.
818 1855 3780 2156 Letzter Regen, bisher freilich täglich, u. nicht
448 2089 1416 2348 immer sanft.
611 2217 3817 2506 Sonntag 21.V: Abmarsch nach Lindi, Lager auf Noto
474 2402 3867 2700 beim neuen Jumben. Gestern Herr Kaiser auf Rückweg
466 2557 3750 2863 von Nambiranye hier. Der alte Mwindadi hat dieser Tage
512 2742 3874 3017 2 Löwen in d. Falle gefangen. Warum geht's denn bei uns
516 2940 906 3168 nicht?
773 3032 3751 3330 22.V: Marsch bis Lutende, ab im Mondschein, an 11½ Uhr. Nach
513 3214 3846 3454 kurzer Rast Träger nach Namembo voraus dirigiert, da Dampfer
511 3362 3656 3655 schon für heut gemeldet. Mit Führer u. Boy links ab an der
542 3551 3774 3827 Quelle vorbei in's Nkanga-Tal, an ihm wieder aufwärts,
537 3722 3901 3930 durch Dickicht u. Schamben, stellenweise durch Wasser zu einer
521 3862 3871 4151 jenseits gelegenen Knochenstelle. Dicht voll Mtama stehend, in„
516 4024 3955 4278 dessen an Knochensplittern die Richtigkeit festgestellt (= Pilepile),
483 4231 3791 4505 besonders interessant, weil überlagert von dem Ton der
468 4389 2954 4675 Mulde hinter Kitulo, damit als tertiäre
2655 4348 3024 4494 Ob. Kreide?
2909 4379 3982 4624 Auflagerung wohl
453 4537 3866 4831 gekennzeichnet. An steilen Hängen im Mtama-Feld u. Tal um 12h
464 4719 4021 4957 verdammt warm. Marsch bis Namembo. An 1½ ca. Unter d. Mangos.
