4292 5213
308 240 357 336 4
540 321 3717 507 beteiligten Parteien verständlich sein, Kindonde u.
525 495 3915 665 Kimuera dagegen nicht. Wandonde sind bereit mit
504 633 3919 830 Wamuera sowohl als mit Wangoni zu wohnen, wäh„
520 804 3872 966 rend Wangoni u. Wamuera sich nicht vertragen.
506 956 3904 1148 Damit steht in nicht bindendem Gegensatz, daß
508 1156 3784 1283 d. Wandonde von d. Wangoni aus ihrem Lande
522 1264 3625 1446 vertrieben sind, vor allem sollen ja aber
578 1420 3816 1624 Wangoni die einzigen Zulu sein. Wie steht's
555 1612 3810 1773 mit d. Wandonde. Ein wichtiger Unterschied
577 1780 3857 1960 ist auch der, daß bei d. Wamuera anscheinend
543 1914 3883 2103 Reste des Mutterrechts bestehen. Man sagte mir,
551 2106 3981 2286 der Mdonde folge u. „liebe“ den Vater, der Mmuera
598 2252 3655 2457 die Mutter. Pythisch erschien mir dabei auf
658 2399 3683 2587 meinen Einwand der Mischehen die Auskunft, in
619 2535 3733 2753 solchem Falle „folgten die Kinder, falls Mmuera, der
645 2685 3839 2910 Mutter, falls Mdonde dem Vater.“ Die geringe Achtung
658 2835 3941 3065 der Frau bei den Wandonde drückt sich zynisch in dem
673 3003 3676 3213 Sprichwort aus: „die Frau ist der Sack, in dem der
614 3156 3928 3386 Mann sein Geld aufbewahrt.“ Auf meine Frage, ob sie
637 3286 3831 3541 sich allein an d. Quelle nicht vor Löwen fürchteten,
680 3443 3917 3693 antwortete man fatalistisch aber folgerichtig,: jawohl
666 3623 3922 3849 das schon, aber es nützt uns nichts. „Wenn wir nicht am
668 3769 3837 4007 Löwen sterben, so sterben wir am Wasser (d. h. Durst).“
835 3930 3947 4178 6. Mai. Auch im Verbindungsgraben nach Skelett E hin zeigen
676 4061 3844 4333 sich Knochen. Wir lassen sie jedoch einstweilen unberührt
684 4198 3721 4478 u. graben nicht tiefer, da Regen nicht ausgeschlossen.
694 4335 3963 4608 Bedeckter Himmel. Hausbau begonnen. Einige kleine Trupps gra„
697 4492 2533 4673 ben zu beiden Seiten der Barrabarra.
826 4514 3673 4770 7. Mai. Morgens feiner Regen, der bei beginnender
696 4638 3661 4910 Helligkeit freilich aufhörte. Die Gelegenheit benutzt,
399 490 485 4956 Matarawe auf Karten mehrmals als Fluß verzeichnet, bedeutet lediglich eine Stelle mit
297 383 351 4874 großen Steinplatten, die in jedem Fluß vorkommen kann. Auch ich hatte bisher vergeblich einen
204 415 254 4877 Nebenfluß d. Mtapaia jenes Namens gesucht. Matarawe plural von tarawe, kisuaheli Jabali u. Majabali.
