4292 5213
197 281 308 357 24
408 325 3865 429 11. Juli: Wieder im Dunkeln aufgebrochen: über Kijenjere,
476 412 3905 596 eine angrenzende Gemarkung von zusammenhängen„
499 568 3954 750 den, weiten Feldern, dann Ngomahi od. Ngomanji (1 ¼ Std )
514 711 3582 898 in's Mbenkuru-Tal nach N. hinab. Am Wege bei
524 844 3831 1069 Kijenjere einige Knochenstellen besichtigt, von denen
578 989 3755 1200 mir eine brauchbar schien. 1 ¾ Std. bis zu einer
268 1146 3891 1368 sehr wasserreichen (nicht fließend) Stelle des Ngomanji schon
506 1304 3680 1513 im Talboden. Über ein Fischwehr hinübergesetzt,
553 1481 3915 1669 jenseits weite Grasebene bereits gebrannt, aber infolge
559 1621 3745 1831 d. stehen gebliebenen harten, hohen Stengel wenig
535 1768 3871 2010 übersichtlich u. recht unwegsam. Alsbald frische Wasser-
565 1974 3746 2181 bock-Spuren. Einer hielt vom Baum aus Ausschau.
593 2149 3777 2329 Lange nichts gesehen, nur recht frische Elephanten
553 2312 3887 2516 spuren; schließlich ein junges Wasserbock-Weibchen
638 2505 3773 2674 in einiger Entfernung fliehen sehen. Ging nach,
658 2662 3729 2885 ohne Hoffnung, da jeder Schritt lautes Getöse ver„
606 2844 3811 3068 ursachte u. wir nicht annähernd so schnell folgen
569 3019 3755 3223 konnten. Am Rande der Ebene Gehölz mit frei„
598 3174 3720 3391 gebrannten Durchgängen. Wegen der Elephanten (ich
581 3356 3725 3569 hatte keine Vollmantelpatronen) u. der sehr geringen
550 3521 3749 3727 Übersicht nicht weit hinein. Es kam hinzu, daß
603 3703 3749 3897 ich mich plötzlich nicht gut fühlte u. Fieberrück„
686 3874 3697 4084 fall befürchtete. Vom Rückwege durch Spuren,
588 4039 3745 4266 Schwein u. Buschbock noch mehrmals abge„
573 4217 3615 4450 lenkt, wobei ich erst wieder das schönste
618 4382 3714 4621 Jagdgebiet selbst entdecken mußte, schoß recht
573 4552 3783 4825 schlecht u. kehrte am Wege um. Doch gingen wir
