4292 5213
3783 236 4039 427 141
575 257 1324 459 6. Kindope
572 425 3884 679 7. Im Magazin gearbeitet, unerfreulichste, aber jetzt wichtigste
642 549 1415 793 Aufgabe hier.
533 676 4065 981 8. Dr. v. Staff marschiert nach Mchuya zum Besuch Janenschs
500 854 1611 1064 ab. Kindope.
538 953 3908 1272 9. Mtapaia besichtigt. Bekam Nachricht von einem neuen
459 1167 3717 1504 Knochenfund unweit Skelett I, besichtigte ihn auf dem
417 1394 3918 1673 Rückwege u. fand ein gut erhaltenes, noch in d. Hang ein„
480 1564 3904 1867 stechendes Femur, bestimmte einen Praeparator mit
490 1773 1428 2053 6 Mann dafür.
485 1941 1107 2192 10. Poschotag.
440 2001 4005 2344 Sonntag d. 11.VI. Benutzte den Sonntag des Alleinseins, end„
526 2247 4073 2515 lich meine Safari-Notizen aus dem Zentralbahnjura u. s. w.
534 2347 3635 2675 in Ordnung zu bringen. Bahnprofile entworfen.
712 2546 3953 2843 Gelesen. O was sind die Tage kurz, und erst das
527 2696 4077 2982 Leben! „Söhnlein werde Dir d. Kunde, was man
535 2905 1972 3168 alles leisten mag“.
778 3079 4002 3407 12.VI: Erhalte aus Mchuya d. Nachricht, daß v. Staff Fieber hat u.
566 3293 3846 3519 einstweilen nicht kommen kann. Ich Einsiedlerkrebs
589 3447 3368 3709 empfinde das letztere als ganz angenehm.
765 3517 4111 3873 Erhalte einen niedlichen jungen Judi, den einer unserer
573 3768 4050 3975 Wangoni-Aufseher mit d. Alten zusammen auf d. barrabarra
572 3951 3783 4193 fand (abds gegen 4h). Immerhin ganz schneidig, einer
598 4059 2815 4342 großen Katze ein Junges zu rauben.
686 4224 4044 4496 13.VI. Nach d. gestrigen Vollmond (auch gestern schon) außerordentlich
522 4369 3956 4596 klare Luft u. wolkenloser Himmel, freilich seit einiger Zeit
517 4522 3736 4796 morgens 14°C. Auch d. Schwarzen empfinden in diesem
518 4725 3134 4948 Winter den „harten Frost“ als ungewöhnlich.
