4292 5213
285 268 387 426 90
523 368 3860 497 Lager beim Lingwele zwischen Kikundi u. rechtem Nebenflusse
483 539 3790 691 Nambunju. Nachm. am Kikundi; viel Wasser an einer Stelle,
617 714 3931 863 z. T. fließend. Harte, weiße Kalke über mürben, gelben Sandstein-
562 889 3841 1044 Mergeln, letztere in starken Bänken u. kräftig gegen S od. SO ein„
596 1031 3919 1220 fallend. Doch dies wohl durch den Wasseraustritt bedingt, da an ande„
555 1220 2609 1368 ren Stellen nichts davon zu merken.
686 1354 3935 1535 15.I. Mußte einige Träger ziemlich gewaltsam requirieren, hatte in
575 1516 3892 1666 d. hiesigen duka Getreide gekauft. Träger direkten Weg (½-3 Std.) zum
589 1675 3835 1866 Mtarika (Mündung d. Mtshingiri in Mbenkuru), ich über d. Kikundi
626 1853 3773 2025 u. linken Nebenfluß Mtulukilo, in dem mächtige Oolithlage mit
581 2008 3770 2178 spärl. Fossilien erschlossen war, durch die Yangwa Bilangaï zur
611 2177 3806 2345 Barrabarra. Hätte gern den Minyoka-Rücken gequert, es erwies
591 2312 3904 2495 sich aber als völlig unmöglich. Von N. her hatte ich Bilangai oder
616 2465 3740 2648 Minyoka für ziemlich hohen u. steilen Rücken gehalten, jetzt
615 2666 3793 2801 schien es, als sei ich ohne sonderlichen Anstieg bereits ziemlich
616 2805 3823 2952 auf d. Höhe angelangt. Folgte der Barrabarra n. W, wohin sie
605 2945 3943 3112 sich bis zum Kikundi senkt, beobachtete wieder Beyschlagi, schwenk„
610 3097 3846 3264 te dann im rechten Winkel ab u. ging über den Mbenkuru.
619 3246 3771 3405 Im hohen Grase Kiboko-Spuren, sie müssen vom untern Pindiro
611 3388 3745 3557 bequem in einer Nacht hierher u. zurück kommen können.
630 3576 3804 3704 Von S aus hatte ich den vollen Steilabfall des Minyoka vor
622 3695 3835 3847 mir u. schlug d. Lager schon hier auf, um d. Profil zu nehmen
634 3851 3116 4012 u. auch, um Getreide nachkommen zu lassen.
751 4018 3891 4165 Nachm. auf Minyoka, zu meinem Erstaunen fast eine einzige
629 4172 3845 4314 mächtige Folge von Oolithen. Noch mehr erstaunte mich d. Vorkom„
652 4349 3890 4467 men regelrechten Nerineen-Gesteins am Fuße, das ich längst
647 4502 3788 4640 in d. Tiefe wähnte. Auf d. alleroberste Höhe wegen Busches u.
656 4669 3738 4801 mehrere m. hoher Steilabstürze d. festen Oolithmassen nicht
682 4828 3768 4962 zu gelangen. Jenseits gleiche Höhe. Der Mbenkuru beißt sich
