4292 5214
3910 261 3966 380 99
413 309 3807 449 waren Warzenschweine, doch erschienen sie mir anfangs zu
434 463 4046 600 groß dafür. Ich ging schnell um einen Busch herum u. glaubte
433 614 3865 807 sie dort unmittelbar vor mir zu haben. Nichts! Ich gehe
456 783 3945 981 langsam vor immer weiter, immer weiter u. glaubte, sie
442 964 3829 1131 seien davon gegangen, als sie plötzlich weit von uns im
489 1101 3823 1302 höheren Grase Wind bekamen u. abgingen. Ich hatte die
499 1243 3923 1464 Entfernung ebenso wie mein Boy überraschend unter„
505 1493 844 1623 schätzt.
704 1578 3741 1786 5.II. In voller Dunkelheit war bereits alles zum
504 1754 3828 1943 Aufbruch fertig, aber wir mußten des miserablen Weges
489 1934 3720 2118 wegen warten, bis wir halbwegs sehen konnten (4 ¼)
491 2096 3942 2291 Auf weitem Umwege nach Westen über die nasse Steppe,
523 2271 3933 2450 ein Flußlauf war hier nicht erkennbar. Nichts von dem
527 2462 3851 2616 angeblich ungemein reichen Wild. In tiefem Morast er„
489 2640 3983 2804 klärte mein Führer, jetzt wären wir auf der „sehr großen
490 2801 3855 2985 Barrabarra“, die nach Ungoni führt. Ein Weg über die Berge
506 2973 3819 3150 nach Mikindani direkt war nicht ausfindig zu machen
527 3148 3879 3298 gewesen, offenbar dichter Busch, ganz spärliche Besiedelung
509 3318 3957 3455 u. von Verpflegung kein Gedanke. Folgte also der Barrabarra
521 3484 3852 3616 nach O. Ein wundervoller Marsch am Rande der gewaltigen
508 3654 3851 3807 ebenen Steppe in hübscher Gebirgsumrahmung, vor uns ein
439 3829 3865 3974 Riegel, der das ganze gegen die Küste absperrte. Wenn
435 3966 4007 4130 hier genug Wasser wäre und dann das Tor durch Staumauer
439 4106 3852 4288 versperrt! Welch herrliches Bild! Und welche Wasserkräfte!
407 4273 3946 4459 Vom Kitere-See nichts sichtbar, doch wurde der Wasserstand
411 4445 3891 4616 als z. Z. hüfthoch, am Ende der Regenzeit über manns„
457 4598 3835 4773 hoch angegeben. Es sollte dort Fische geben, die nachts weite
375 4783 3805 4926 Wanderungen machen u. bissen. Etwa die Knurrhähne der
