4292 5213
230 234 434 401 120
409 272 3838 494 Einmal schoß ich hinterher, um es nur in günstigere Richtung
422 383 3865 528 zu jagen, traf aber wieder u. zwar in einen Hinterschenkel.
446 530 4033 742 Selbst jetzt noch kamen wir nicht näher, als es aber in Reisfelder
450 627 3808 838 am Ngerengere geriet, d. Schreien der Leute hörte u. vor sich das
456 756 3929 1065 tiefeingeschnittene u. geschwollene Flußbett sah, brach es zusam„
470 877 3947 1130 men. Ich war froh ihm den Gnadenschuß endlich geben zu können.
474 1056 2707 1290 An d. Beute hatte ich nicht d. rechte Freude.
281 1191 3929 1465 Sonnt. d. 2. April: Früh nochmals in gleicher Gegend, aber heut von
493 1398 4004 1655 Kudu nur alte Spuren, meist auf einem Inselberg 20 Min. vom
491 1547 3914 1777 Fluß. Von seiner Nebenspitze herrlicher Blick auf das endlich
475 1697 2481 1976 freie Uluguru-Geb. (auch photographiert).
733 1859 3914 2138 Nach. d. Essen in's Lager zurück, wo Voertmann inzwischen ein„
528 1976 3956 2266 getroffen, dessen Besprechungen mit Sattler ich nicht hatte behindern
527 2137 2636 2385 wollen. Fröhliche Ente, nämlich kalte.
670 2265 3733 2606 3. April. Gebirge wieder frei, daher endlich Aquarell
576 2457 3126 2742 begonnen. Mit Voertmann zusammen.
696 2580 3898 2848 4.IV. Vorm. Voertmann zur Bahn gebracht. Am 5. Mai ist
615 2736 3884 2983 er 20 Jahre in Afrika! Janensch noch immer nicht. Ich kann
621 2894 3846 3147 nichts rechtes unternehmen, will aber wenigstens auf einige
630 3102 2061 3360 Tage in d. lockende Gebirge.
721 3219 3909 3479 5.IV Aquarelliert. Gebirge freilich seit gestern wieder nicht
626 3333 3777 3593 mehr frei. Boheti kommt u. meldet Janensch für
636 3485 3900 3743 morgen an. Endlich! Daß wir uns freilich über ¼ Jahr nicht
655 3623 2582 3878 gesehen haben, ist mir unvorstellbar
735 3810 3968 4054 6.IV Morgens aquarelliert, werde zurückgerufen, da Janensch schon
650 3935 3959 4228 gegen 9 ankommt. Kronecker wird nach Brief von Branca
663 4083 3922 4344 vermutlich Ende Juni als Dritter herauskommen, können ihn
679 4180 3658 4451 auch sehr gebrauchen. Janensch will möglichst bald Chuja
3613 4236 3704 4304 zu
3658 4220 4031 4428 erledigen
649 4339 3930 4579 suchen, ich bleibe noch am Tendaguru, hole dann Kronecker u.
674 4486 3890 4766 gehe schließlich allein nach Mbate hinter Kilwa. Mir ist der
648 4670 2082 4934 Plan so recht sympathisch.
