4292 5214
3881 310 3992 360 3
343 387 4042 500 tet hat, u. auf unsern lieben Aussichtspunkt. Gegen Abend
383 564 3948 673 gab's dann noch reichlich Ablöhnungen, Anwerbungen,
388 729 1694 846 Poscho-Zahlungen.
743 916 3910 1065 2. Mai. Die 15 Mann, die in d. Regenzeit hier ge„
463 1081 3935 1202 blieben sind, zum Holzfällen ausgeschickt, um gleich
459 1227 3795 1354 mit d. Hausbau beginnen zu können. Alle andern
457 1358 4041 1512 haben einen Tag Urlaub. Alte Gräben u. Knochenstellen
435 1515 4058 1657 besichtigt. Bin erstaunt zu sehen, daß d. Regen eigent„
440 1667 3995 1839 lich spurlos vorübergegangen ist. Die Erosion, wenn auch
469 1824 3765 2004 am Noto-Abhang deutlich erkennbar, ist hier fast
477 2003 3949 2156 gleich Null. Auch die unverpackt gebliebenen Sachen
483 2134 3921 2342 sehr gut erhalten. Herrlicher Morgen, kühl u. sonnig,
472 2301 2523 2493 vollständiges Trockenheitswetter.
716 2485 3840 2656 3. Mai. Täglich neue Arbeiter, heut schon über 100. Ver„
513 2600 3773 2803 bindungsgraben bei Skelett E, schon von Boheti begonnen,
491 2812 1880 2924 in Angriff genommen.
1115 2873 1842 2953 (außerdem bei Skel. B.)
1880 2737 3760 2862 Ich Jagd-Inspektions-Ausflug nach
511 2872 3903 3098 Mtapaia, so weit niedriges Gras steht. Ohne jedes Ergebnis.
558 3087 3249 3268 Abend desgl. nach dem Wege zum Maimbwi
3330 2977 4024 3043 Vorher Kima, den wir
3343 3055 4019 3121 munter vorfanden
3099 3129 4039 3205 stirbt schnell an Schwindsucht.
649 3218 3819 3409 4 Mai. Zwei im Vorjahr vermerkte neue Stellen in
517 3378 3789 3587 Angriff genommen, unweit Skelett D u. am Fußwege
472 3546 3380 3767 nach Kindope. Morg. 8h 16°,mitt. 12h 28° im Schatten.
656 3694 3903 3903 5. Mai. Erster Knochenfund im Graben nahe Skelett B, anschei„
598 3827 3839 4032 nend vom Becken. Etwas wolkig, nachm. fast regendrohend u.
575 3982 3965 4198 schwüler. Haus abgesteckt. Abds. Jenseits des Mtapaia vergeb„
614 4120 3999 4356 lich auf Wild gefahndet. Bau des neuen Lagers hat begonnen.
616 4285 3735 4501 Erfahre allerhand Interessantes von meinen Begleitern:
729 4429 4077 4635 Vor allem meinen Irrtum, daß sich Wamuera u. Wandonde
519 4588 3997 4800 besonders nahe ständen. Kingoni u. Kindonde sollen beiden
