4292 5213
3760 219 4047 361 147
429 243 3709 464 12.VII. Furtw.'s Fieber läßt endlich nach, er soll deshalb morgen
536 434 3956 661 nach Lindi geschafft werden, wo ohnehin eingepackt werden muß,
514 619 3755 770 ich werde endlich ebenfalls abmarschieren, da v. Staff meint,
518 747 3896 948 jetzt selbst fertig zu werden, was mir angesichts seiner Sprach„
549 907 3854 1085 fertigkeit etwas als Unterschätzung erscheint. Aber wir haben
547 969 3946 1246 ja unsern trefflichen Boheti. Die letzten Tage war so mancherlei
544 1146 3998 1346 in Erwägung zu ziehen: würde ich zum Einpacken nach Lindi müssen
546 1248 3878 1488 u. statt der schönen Safari m. Dampfer nach Kilwa gehen?
541 1390 4006 1590 Würde Furtw., falls längere Zeit arbeitsuntauglich, nach Europa
555 1532 3943 1819 zurückkehren und dann was hier? Sollte Staff einpacken u. ich
585 1704 3229 1955 solange noch hier bei Furtw. bleiben? U. s. w.
730 1821 3832 2120 Schach, gewann die letzte Partie recht rühmlich, indem ich
570 1968 3663 2199 v. St. meine Bauern rauben ließ u. unter scheinbarer
563 2095 3934 2334 Verteidigung einen konzentrierten Angriff versteckte, dem
564 2240 3716 2522 er durch kein Opfer mehr zu entrinnen vermochte.
724 2434 4015 2724 13.VII. Abschied vom Tendaguru, nun doch wohl endgiltig.
590 2609 3974 2889 Herr Furtw. in d. Hängematte nach Lindi. Ich fühle mich doch aber
588 2756 3569 3001 auch befreit, denn es gab letzthin so mancherlei zu tun.
711 2876 4025 3127 Über Mtapaia nach Niongala. Wieder ein größeres Stück Anschluß.
551 3094 3822 3345 Route aufgenommen, eine Heidenarbeit in dem Gras. Am
584 3184 3911 3426 rechten Talhang des Mtapaia leider keine Fossilien gefunden,
570 3394 3936 3598 möchte das Gestein aber zur Beyschlagi-Sch. rechnen, wodurch
528 3566 3830 3829 die tiefe Bornhardti-Scholle noch enger umgrenzt würde.
542 3737 3791 3983 Zwischen Mtapaia u. Ngomanyi besteht hier am Wege nur
517 3876 3839 4141 noch eine sehr schmale Scheide, die beiden weiten Talauen
495 4106 3737 4317 dürften sich unterhalb sehr bald vereinigen. Jenseits des
481 4305 3924 4498 Ngomanje-Tals fand ich dagegen etwas roten Sandstein, der
506 4421 3798 4618 zur Bornh.-Zone gehören dürfte. Das neue Arbeitslager
509 4535 3699 4811 ca ¾ Std. vor Niongala in Ntimbiraje, wo neuerdings
512 4744 3179 4995 Schamben angelegt sind. Hübscher Lagerplatz.
