4292 5213
317 371 485 435 14
711 303 3971 550 Kaiser hatte uns weitere Besuche angekündigt u. gestern hieß
554 468 3879 719 es, 4 Europäer seien auf Noto angekommen, so daß wir
576 598 3120 865 sie heut erwarteten. Kühl.
674 851 3790 1115 10.VI: Da von Europäern keinerlei Nachricht, werde ich
577 1020 3866 1296 morgen auf Niongala ziehen. Lasten zusammengestellt.
748 1195 3900 1494 11.VI. Wegen ungeschickter Leute erst um 6 ¼ fortgekom„
632 1402 3807 1658 men. In Mtapaia ein Warzenschwein geschossen. Ab„
653 1586 3781 1820 stecher zum dortigen Karani, bei dessen neuem
635 1756 3737 1996 Hause Reste sehr großer Knochen liegen (2 te Stufe
676 1944 3914 2186 unter Fossil-führenden Sandsteinen u. drauflagern„
611 2130 3906 2366 dem Oolith.) Schickte nach Kijenjere, um einen Mann
631 2289 3878 2510 zu beordern, der Sattler's Fossilplätze in Niongala
630 2444 3749 2700 kennt, 2 Leute in's Lager zurück, um Fossilien,
604 2634 3693 2860 d. Fell eines kleinen Sperbers, den ich schoß, u.
618 2792 3661 3008 ein Stück Schweinebraten zu überbringen. Nach
648 2955 3801 3186 9 Uhr auf sehr schlechten, grasüberwucherten Wegen
617 3114 3790 3333 weiter, zu meinem Erstaunen sehr weit nörd„
619 3254 3859 3499 lich auf das Mbenkuru-Tal zu, an dessen rechtem
600 3432 3726 3680 Rande über die Erweiterungs-Niederung das
604 3587 3845 3859 Mtapaia nach Ngomanji (Ngomahi) u. 5/4 Std. weiter
630 3749 3955 4009 nach zu wenigen Hütten in neuen Feldern (Kwa Namoha)
632 3927 3898 4191 im Niongala-Forst. Äußerst spärliche Besiedelung, daher
667 4116 3733 4340 nicht ausgetretene Wege. In hohem, dichtem, aber ganz
633 4313 3877 4513 vertrocknetem u. niedergefallenen Grase ging dicht
638 4510 3844 4693 am Wege ein größeres Tier (Barappi, Ndogolo?) hoch.
633 4684 3929 4856 Auf dem hügligen, sandigen Rande, der mir ohne
