4292 5213
236 260 342 420 64
612 341 3782 474 Verhandlungen wegen Mtama-Einkäufe mit würdigem
550 481 3504 631 aber kalten Akiden u. zwei verständigen Jumben.
757 620 3951 779 Abds. nach dem Mbenkuru zu in häßlichem Grase auf Wasser„
579 777 3751 919 böcke gefahndet, aber nur Spuren zu Gesicht bekommen.
788 966 3831 1137 14. Nov. Fast noch im Dunkeln (4 ¾) aufgebrochen, da auf 6-stün„
635 1110 3806 1292 digen Marsch bis zum nächsten Wasserloch vorbereitet. Über
648 1285 3730 1473 Nakihu-Fluß durch weite Schamben von Namcheche, dann
650 1454 3852 1621 schönes parkähnliches Pori mit bereits jungem Grasteppich, auf
689 1598 3759 1750 dem die Morgensonne goldne Streifen zog, über Nami-
661 1749 3829 1926 tambo, Njedi nach , Karani . Hier eine duka,
662 1894 3847 2071 aber ihre Mtama-Bestände für unsere Bedürfnisse nicht ausreichend
660 2018 3817 2233 u. der „Geschäftsführer“ wollte nicht verkaufen oder hatte wirklich
610 2151 3841 2392 Weisung die Regenzeit abzuwarten, um dann höhere Preise zu
605 2308 3796 2538 erzielen. Auch traf ich mehrfach unterwegs Leute aus der
665 2464 3857 2681 Gegend, die Mtama in Mhuhe eingekauft hatten, also mußte
624 2632 3683 2830 wohl hier nichts zu haben sein. Zu meiner Freude
668 2779 3612 2972 war ich bereits nach 4 Std. Marsch in Mwindi, wo ich des
639 2946 3765 3131 Wassers wegen lagern wollte; doch war auch der ca 7 m.
657 3100 3715 3275 tief gegrabene Brunnen bereits versiegt. Ich ging un„
647 3242 3694 3419 verzüglich weiter, fand mich aber jenseits des Baches in
673 3371 3729 3581 fast mit Mwindi zusammenhängenden Schamben bereits
692 3507 3715 3720 in Mhuhe u. machte dort Halt, obwohl Wasser äußerst
667 3663 3825 3868 rar (z. T. aus d. Mbenkuru!) war u. weit her geholt wer„
661 3796 3662 4026 den mußte. (Nahangai, Quelle am Fuße des Mbalawalla ohne
697 3943 3686 4161 Ansiedlungen. Vgl. Nihongala, Nyongao, Nahangi od. Nahanga!)
697 4085 3889 4310 Da weder Jumbe noch Karani vorhanden, trommelte ich selbst
672 4252 3821 4453 m. kl. Spieltrommel d. Leute aus nächster Umgebung zu„
677 4411 3883 4620 sammen u. setzte ihnen meine Wünsche auseinander, fand
686 4595 3709 4790 aber auch hier Unlust oder wirklich nur spärlichen Mtama-
700 4781 3451 4924 Überfluß. Gegen Abend brachten sie etwas Reis.
346 932 416 1058 S.
243 1202 302 1442 Mbenk.
319 1226 467 1391 Akid
382 1435 529 1627 Nakihu
373 1591 492 1865 Namcheche
195 1658 308 2030 Barrabarra
312 1964 532 2265 Namitambo
405 2219 544 2380 Njedi?
311 3092 457 3372 Mwindi
469 3193 632 3404 Mhuhe?
376 3661 523 3856 Gras-
304 3678 439 3853 Ebene
192 3662 290 3896 Kigombo
239 4193 619 4393 Mbalawala
300 4627 363 4718 N
