4292 5213
261 254 549 454 106
507 256 3860 565 24.II. Über Nala, eine Nase des Plateaurandes aufwärts.
475 443 3900 675 Angenehmer Anstieg, leider wieder ohne Aufschlüsse außer
449 598 3852 817 d. üblichen Newala-Sandst. unter der Höhe. Schöne Rückblicke
485 740 3910 967 auf Liputi u. Talseite gegenüber Kaisers Pflanzung, woran
457 880 3832 1127 Orientierung möglich. Gneißgebiet-Kuppen in großer Ferne
467 1025 3808 1257 recht dunstig u. unklar. Steilabstürze unter Mtshingiri gut sichtbar. Auch
495 1204 3902 1482 d. Schwarzen konnten sich dem Eindruck der Fernsicht nicht entziehen.
500 1401 3952 1649 Auf Plateauhöhe weiter, plötzlich tat sich ein gewaltiger Erosionskessel
528 1504 3986 1811 unter unsern Füßen auf, in dem ich die Schluchten über Lutamba
512 1759 3763 1981 vermutete. Es war aber der Ursprung des Nyengedi. Groteske
496 1873 3919 2148 Formen in Grün u. Rot mit einigen winzigen Hütten in dem
503 2031 3936 2222 Chaos. Weiter bis zu größerer Ansiedlung, ca ¾ Std. vor d. Jumben
530 2150 3768 2453 Bakari bei einer Missionsschule. Da von hier  Barrabarra
566 2336 3805 2558 über Rubiágire nach Lutamba, schlug ich beim Karani d. Zelt auf,
552 2533 3795 2765 obwohl erst 8½ Uhr. Die nassen Füße waren in der Höhenluft
525 2639 3816 2904 kalt genug, um sie in d. Sonne zu strecken. Mittags um 2
544 2796 2574 3049 nur 28° bei ständig klarem Himmel.
710 2926 3686 3193 Morgens waren nicht genug Träger zur Stelle; der Karani hatte
491 3121 3742 3327 behauptet, seine Leute seien durch Hunger geschwächt. Ich hielt das
516 3249 3806 3482 nicht für unmöglich, ließ aber d. Karani höchstselbst „zur Strafe“
503 3388 3988 3581 eine Last tragen, bezahlte freilich gut, doch nicht ohne eine Gardinen„
510 3512 3857 3817 predigt über Pflichten des Karani u. vernünftigen Felderbau.
494 3679 3798 3970 Hier oben war nämlich reichlich Essen (Kürbisse u. sogar schon Mais),
488 3837 3968 4123 woran zwar hauptsächlich die günstigen klimatischen Bedingungen
518 3968 3787 4253 schuld waren, doch sahen die weiten lückenlosen Felder auch
511 4146 3996 4426 tadellos sauber aus im Vergleich zu den winzigen Fleckchen,
530 4294 3556 4581 die man im Tal zwischen Gebüsch u. Wald verstreut sah.
642 4444 3852 4696 Nachm. 3 Uhr nordwärts über eine Stde. bis zum Plateaurande,
476 4583 3875 4812 wo man von der Hauptbarrabarra aus d. Lutamba sehen sollte.
465 4787 3864 5009 Indessen alles verwachsen, geologisch nichts, nur die Karte schien mir
