4292 5213
290 375 465 432 32
604 295 3763 508 der Mitternachtssonne. Dazu die winterlich entlaubten
605 439 3582 651 Äste u. Zweige! Morgens im Walde eine prachtvolle
585 602 2777 798 Harmonie in Graublau u. Blaugrau.
833 771 3582 968 5. Wieder Landwind u. dunstig. In Kindope
604 921 3850 1122 handelt es sich offenbar wieder um mehrere Exempla„
596 1052 3836 1282 re, anscheinend nicht alle Stegosaurier. Erhaltungszustand
574 1222 3802 1456 ideal. Einiges gezeichnet. In andern Gräben signiert u.
577 1371 3735 1585 neu eingetretenen Wangoni Unterricht im Schaufeln
583 1605 1131 1739 gegeben.
815 1677 3799 1910 6. Im Mbenkuru-Tal an unserm Plateaurande u.
612 1813 3823 2046 östlich von uns längs des ganzen Lipugiro gewaltige
630 1947 3475 2160 Feuer, die hoffentlich gut aufgeräumt haben.
846 2116 2790 2279 Poscho-Zahlung. Post noch nicht.
536 2288 3781 2565 Sonntag d. 7.VIII: Vorm. Auf Barappi-Jagd zwischen Maimbwi u.
596 2450 3773 2781 Namajani. Das Gebiet in einer riesigen 8 durchstreift,
621 2644 3915 2938 ohne von den Tieren etwas zu sehen; es sollen jetzt 2 Herden
586 2786 3757 3112 sein. Mehrere kleine Antilopen u. Schweine sichtbar, schoß
636 3062 2324 3235 ein Ngorombwe. Post.
815 3119 3631 3417 Das gestrige Feuer brennt die ganze Nacht u. d. Tag
555 3259 3631 3587 über weiter u. zieht über die barrabarra bis nach
556 3608 1034 3755 Mtapaia.
875 3592 3816 3891 8.VIII: Morgens am Graben im Maimbwi-Tal, dann den
623 3763 3770 4056 Fluß aufwärts, in dem beide Zwischenstufen durch Ab„
585 3905 3891 4213 stürze u. Wasserstellen ausgezeichnet sind. Mehrfach Knochen.
601 4079 3911 4362 Aufenthalt der Barappis entdeckt, wenn auch d. Tiere nicht
614 4230 3899 4546 selbst gesehen. Flußlauf überraschte mich sehr durch Länge.
