4292 5213
3821 269 3941 381 53
532 357 3889 464 15. Oct. Der Karani von Nanembo hatte gestern sehr über Schweine„
491 479 3792 625 plage geklagt (wie frech d. Affen sind, hatte ich selbst gesehen), auch
499 654 3919 808 hätte ich den Wangoni gern einen Extrabraten gegönnt. Ging
524 803 3831 985 daher so früh los, daß ich die erste Zeit noch nichts sehen
504 958 3879 1164 konnte, traf aber auch nachher nur ein flüchtiges Tudaka,
520 1132 3891 1334 ohne zu Schuß zu kommen. Von d. Barrabarra ziemlich recht„
521 1291 3938 1480 winklig nach S. hin, abgebogen, um d. Weg über den Turm
528 1419 3800 1638 auf Kitulo zu nehmen. Obwohl mitten in dem weiten
516 1563 3896 1817 Becken zwischen Kitulo u. Lutende zog sich d. Weg doch stets
507 1738 3820 1961 auf niedrigem, ebenem, weißsandigen Gelände hin, das sich
499 1884 3885 2112 von dem tieferen eigentlichen Flußtal deutlich abhebt u.
546 2032 3713 2257 vielleicht aus irgend einer unterkretazeischen Schicht des
493 2207 3817 2433 Makonde-Sch.-Verbandes besteht ohne sekundäre Umlagerung.
511 2324 3847 2596 Orte Mpwiri u. Mtange. In letzterem dicht an der großen
556 2483 4023 2755 Lukuledi-Straße kurze Rast, Kokosmilch. Vor 9h auf d. Turm
544 2626 3895 2911 mit schönem Rundblick. Zwischen seinen Mauern recht kühl.
537 2788 3949 3055 Sehe mit Erstaunen eine Hügelkette aus d. breiten Mulde
555 2930 3908 3210 noch vor den Plateaus aufragen. Der Übergang über d
503 3119 3823 3406 Kitulo hier viel bequemer, in ½ Std. in Lindi, Usagara.
522 3334 2489 3547 Mittags kurzer, schwacher Regen.
767 3477 4052 3667 Nachm. 5h Tennis mit Hrn. u. Fr. Dr. Wolff u. Hauptmann
530 3735 1172 3868 Oldenburg.e
636 3862 1912 4036 Sonntag d. 16. S. Oct:
701 3930 3981 4204 Freue mich mit einem Frei-Tage beginnen zu kön„
584 4111 3943 4363 nen, köstlicher stiller Morgen an d. Bucht. Vorm. Briefe
586 4285 3798 4535 auf prächtiger Veranda. Dann um 11 in d. Usagara mit
558 4489 3719 4675 Dr. Wolff „Cocktail.“) Nachm. Gelesen, Kaffee, Tennis.
