4292 5213
257 283 337 333 44
373 309 3676 511 stieß ich im Pori auf eine Barappiherde. Ali mit d.
365 484 3726 695 Gewehr weit zurück, bis er heran ist, gehen sie ab,
429 654 3838 872 scheuchte sie noch einmal auf u. verlor sie dann, eigent„
468 838 3880 1075 lich zu meiner Freude; denn ich mag hier keins mehr
439 983 3859 1265 schießen. Ging freilich der Leute wegen nachmittags
511 1182 2465 1440 doch wieder, sah aber nichts.
674 1520 1096 1602 13. Aug.
910 1447 1106 1510 Sept.
1096 1377 3722 1575 Morgens über Kijenjere hinaus in nord„
537 1504 3720 1766 westl. Richtung, wo mir eine anscheinend ganz gute,
604 1675 3661 1933 gestern vorbereitete Knochenstelle gezeigt wird.
3042 1795 3582 1884 (2te Stufe)
634 1897 3609 2068 Ließ hier d. neue Abteilung u. ging zu dem
626 2039 3835 2233 vielleicht nur 10-15 Min. entfernten Mbenkuru
642 2180 3733 2399 hinab, an dem hier ein paar für so entlegene
618 2323 3881 2541 Stellen ungewöhnliche geräumige Hütten standen.
606 2505 3804 2704 Wollte auf Ndogolo's gehen u. mich möglichst
697 2675 3583 2907 flußabwärts zum Lilahi heranpürschen. Man
673 2849 3801 3059 führte mich indes über den Fluß in den Wald
696 3003 3745 3227 an der Kiswere-Liwale-Barrabarra unweit
691 3189 3823 3409 Kigombo. Zu meinem Erstaunen sah ich jetzt, wie
712 3350 3747 3580 nah sie am Mbenkuru entlang führt, den ich
714 3547 3629 3747 voriges Jahr viel ferner vermutete. Wald
715 3727 3729 3885 gut gebrannt, aber sehr viel Gebüsch in das d. Klein„
716 3870 3630 4054 wild sich stets mit wenigen Schritten retten
692 4017 3740 4227 konnte. Großwild nicht gesehen. Eine Schweineherde
677 4190 3676 4364 photographiert, auch ein Schwein u. ein Perlhuhn
691 4353 3697 4536 leider angeschossen, aber im Gebüsch sofort ver„
673 4512 3596 4716 loren. Mittags im Zelte gegessen, abends zum
655 4817 1835 4901 Tendaguru zurück.
