4292 5213
282 228 404 386 82
546 301 3895 457 Ging dann weiter, kam aber in furchtbares Gestrüpp, wo nichts zu
520 457 3964 585 sehen war, verfehlte auch die grade Richtung auf die Barrabarra
553 601 3971 737 u. kehrte über den Mtapaia zurück. Nur einen Buschbock
567 758 2291 874 u. Spuren v. Barappis gesehen.
704 946 3952 1116 29 Dez: Morgens nach Mtapaia, dort u. auf d. Wege in all den
640 1090 3794 1280 Gräben Abhebungsarbeiten u. Signieren. Mehrfach Regen, in
670 1248 3573 1437 dem schon kniehoch werdenden Grase sehr naß,
659 1420 2583 1586 Boden aufgeweicht u. klebrig.
929 1563 3804 1748 Nachm. Kijenjere-Graben. Wollte etwas schießen,
649 1728 3782 1903 sah aber nur einen Buschbock durch dichten Bambus, in
705 1901 2399 2064 dem die Kugel fehl ging.
841 2069 3856 2251 30. Dez. Morgens einen Bachlauf aufwärts, weil
697 2230 3781 2422 mir aus den Trig.-Schichten typische Nerineenstücke
722 2390 3759 2563 gebracht waren. Fand auch noch viele Blöcke, leider
682 2521 3902 2716 nirgends mit Sicherheit das Anstehende. Am Ufer oben
667 2668 3868 2850 Sandsteine von grobem aber gleichmäßigen Korn m.
644 2824 3765 3027 Trig. Beyschlagi, darunter „Übergangsschichten“. Weiter
636 3008 3863 3195 zum Mtapaia-Fluß wegen des Ooliths, aber d. Vege„
617 3176 3765 3349 tation verbirgt schon viel. Kein Wild, starker Nebel.
644 3327 3713 3499 Im Graben von Aa gezeichnet. Janensch angekommen,
633 3460 3856 3637 bringt Post, dann zusammen zum Graben in Kijenjere,
634 3624 3701 3782 wor wir zu unserm Erstaunen Schädelreste (Knochen m.
622 3789 3649 3923 Zahnbruchstücken) entdecken. Recht heiß. Um 1 zurück.
651 3915 3814 4110 Bleibe wegen d. Schädels u. eines Stegos.-Fußes eine
627 4074 3569 4249 weitere Nacht. Janensch zurück zum Tendaguru.
704 4228 3692 4411 Gejagt, eine Schopfantilope, gutes Gehörn, aber d. Tier
606 4426 2245 4616 selbst merkwürdig klein.
774 4628 3692 4785 31. Dez. Morgens wieder im Kijenjere-Graben, dann zum
