4292 5213
3791 244 3911 340 43
512 370 3963 433 Sonntag d. 4: Langersehnter Ruhetag. Leider so
581 506 3747 660 windig, daß ich wegen des Staubes nicht
551 658 3977 830 malen konnte. Gelesen. Schach. Jan. spielt leider
559 841 3921 1004 garkeine eigene Partieen mehr, weil „zu an„
529 990 3933 1173 strengend“. Mir ist das Ping-Pong statt Tennis.
744 1175 3975 1376 5 AugSept: Nach Ubolelo (3Std). Dortige Gräben endlich
592 1343 3955 1559 auch lohnend. Abend auf Jagd, Fuduka geschossen.
594 1516 2919 1728 Jetzt auch Barappi u. Bunju hier.
723 1674 4065 1901 6 Aug: Zum Tendaguru zurück, Knochenstelle (schlecht)
616 1851 3703 2072 in Ngwamja besichtigt. Gneiß u. Kreide endlich
608 2054 3809 2210 einigermaßen getrennt. Nachm. wird uns
631 2190 3875 2378 eine unförmige Puffotter bereits fast erstickt ge„
613 2351 4041 2543 bracht. Wundersam komplizierte Zeichnung u. zwar
607 2513 4051 2697 nicht Mosaik, sondern ohne Rücksicht auf die Schuppen„
643 2742 1137 2880 ränder.
845 2869 3977 3036 7. Bei d. Einpackern. Recht heiß aber abends so
691 3010 3924 3205 windig u. kalt, daß wir Mäntel anzogen
682 3207 1925 3355 u. Kakao tranken.
853 3335 3873 3514 8. AugSept. „Nordring“ Lilahi-Lilombo-Kindope.
747 3519 2263 3688 Nachm. Karte gezeichnet.
669 3678 2480 3888 Sonntag d. 11: Ruhetag. Gemalt
804 3864 3988 4072 12. Aug.Sept Nach Mtapaia, um eine dritte Abteilung an
669 4019 3765 4217 einer neu gemeldeten Knochenstelle unweit des
684 4182 3728 4376 Mbenkuru anzusetzen. Zwischen dem Graben beim
681 4347 3971 4534 Liwengwa, wo auch Zähne mit Knochenresten, anschei„
675 4477 4053 4707 nend ein Stück Unterkieferast, zu sehen sind, u. dem
675 4669 3813 4860 alten noch immer unerschöpften bei Kijenjere
