<?xml version="1.0" encoding="UTF-8" standalone="yes"?>
<PcGts xmlns="http://schema.primaresearch.org/PAGE/gts/pagecontent/2013-07-15" xmlns:xsi="http://www.w3.org/2001/XMLSchema-instance" xsi:schemaLocation="http://schema.primaresearch.org/PAGE/gts/pagecontent/2013-07-15 http://schema.primaresearch.org/PAGE/gts/pagecontent/2013-07-15/pagecontent.xsd">
    <Metadata>
        <Creator>prov=University of Rostock/Institute of Mathematics/CITlab/Tobias Gruening/tobias.gruening@uni-rostock.de:name=/net_tf/LA73_249_0mod360.pb:de.uros.citlab.segmentation.CITlab_LA_ML:v=2.4.1
TRP</Creator>
        <Created>2019-08-02T07:17:36.986+02:00</Created>
        <LastChange>2019-09-04T15:35:00.925+02:00</LastChange>
        <TranskribusMetadata docId="190842" pageId="7550942" pageNr="61" tsid="15150748" status="GT" userId="34979" imgUrl="https://files.transkribus.eu/Get?id=ZGXWEEZEXXVAVDTRKLKTTQAL&amp;fileType=view" xmlUrl="https://files.transkribus.eu/Get?id=BACOXBCKHPLODEBCFOXIQNKF" imageId="4551820"/>
    </Metadata>
    <Page imageFilename="UAT_407_081_061.jpg" imageWidth="4292" imageHeight="5213">
        <ReadingOrder>
            <OrderedGroup id="ro_1612256486000" caption="Regions reading order">
                <RegionRefIndexed index="0" regionRef="r6"/>
            </OrderedGroup>
        </ReadingOrder>
        <TextRegion orientation="0.0" id="r6" custom="readingOrder {index:0;}">
            <Coords points="434,249 434,4877 4019,4877 4019,249"/>
            <TextLine id="r6l2" custom="readingOrder {index:0;} structure {type:page-number;}">
                <Coords points="3919,326 3948,330 3831,344 3831,289 3802,287 3773,283"/>
                <Baseline points="3773,320 3889,321 3918,323"/>
                <TextEquiv>
                    <Unicode>59</Unicode>
                </TextEquiv>
            </TextLine>
            <TextLine id="r6l3" custom="readingOrder {index:1;}">
                <Coords points="459,421 624,417 790,414 955,412 1121,410 1286,409 1452,408 1617,408 1783,408 1948,408 2114,409 2279,409 2445,411 2610,412 2776,414 2941,416 3107,418 3272,420 3438,423 3603,425 3769,428 3769,328 3603,325 3438,323 3272,320 3107,318 2941,316 2776,314 2610,312 2445,311 2279,309 2114,309 1948,308 1783,308 1617,308 1452,308 1286,309 1121,310 955,312 790,314 624,317 459,321"/>
                <Baseline points="459,388 624,384 790,381 955,379 1121,377 1286,376 1452,375 1617,375 1783,375 1948,375 2114,376 2279,376 2445,378 2610,379 2776,381 2941,383 3107,385 3272,387 3438,390 3603,392 3769,395"/>
                <TextEquiv>
                    <Unicode>unerwarteten, leider halb verbrannten Mango-Bäumen</Unicode>
                </TextEquiv>
            </TextLine>
            <TextLine id="r6l4" custom="readingOrder {index:2;}">
                <Coords points="434,589 606,574 778,562 951,552 1123,545 1296,539 1468,536 1640,533 1813,532 1985,533 2158,534 2330,536 2502,538 2675,541 2847,543 3020,545 3192,547 3364,548 3537,548 3709,547 3882,545 3882,448 3709,450 3537,451 3364,451 3192,450 3020,448 2847,446 2675,444 2502,441 2330,439 2158,437 1985,436 1813,435 1640,436 1468,439 1296,442 1123,448 951,455 778,465 606,477 434,492"/>
                <Baseline points="434,557 606,542 778,530 951,520 1123,513 1296,507 1468,504 1640,501 1813,500 1985,501 2158,502 2330,504 2502,506 2675,509 2847,511 3020,513 3192,515 3364,516 3537,516 3709,515 3882,513"/>
                <TextEquiv>
                    <Unicode>vorbei auf den Weg, der rechts von Matapua kam, und</Unicode>
                </TextEquiv>
            </TextLine>
            <TextLine id="r6l5" custom="readingOrder {index:3;}">
                <Coords points="472,727 640,712 808,700 976,690 1144,683 1312,678 1480,675 1648,673 1816,673 1984,674 2152,676 2320,679 2488,682 2656,686 2824,689 2992,693 3160,696 3328,698 3496,700 3664,701 3833,700 3833,597 3664,598 3496,597 3328,595 3160,593 2992,590 2824,586 2656,583 2488,579 2320,576 2152,573 1984,571 1816,570 1648,570 1480,572 1312,575 1144,580 976,587 808,597 640,609 472,624"/>
                <Baseline points="472,693 640,678 808,666 976,656 1144,649 1312,644 1480,641 1648,639 1816,639 1984,640 2152,642 2320,645 2488,648 2656,652 2824,655 2992,659 3160,662 3328,664 3496,666 3664,667 3833,666"/>
                <TextEquiv>
                    <Unicode>diesem folgend in einige Schamben von Ntandi. Anstehendes</Unicode>
                </TextEquiv>
            </TextLine>
            <TextLine id="r6l6" custom="readingOrder {index:4;}">
                <Coords points="486,884 657,869 828,857 1000,846 1171,838 1342,831 1514,826 1685,824 1856,822 2028,821 2199,822 2370,823 2542,825 2713,828 2884,831 3056,834 3227,837 3398,840 3570,843 3741,845 3913,847 3913,748 3741,746 3570,744 3398,741 3227,738 3056,735 2884,732 2713,729 2542,726 2370,724 2199,723 2028,722 1856,723 1685,725 1514,727 1342,732 1171,739 1000,747 828,758 657,770 486,785"/>
                <Baseline points="486,851 657,836 828,824 1000,813 1171,805 1342,798 1514,793 1685,791 1856,789 2028,788 2199,789 2370,790 2542,792 2713,795 2884,798 3056,801 3227,804 3398,807 3570,810 3741,812 3913,814"/>
                <TextEquiv>
                    <Unicode>hier nirgends zu beobachten; ich erwartete, immer das ei„</Unicode>
                </TextEquiv>
            </TextLine>
            <TextLine id="r6l7" custom="readingOrder {index:5;}">
                <Coords points="438,1024 613,1016 788,1008 963,1001 1139,996 1314,990 1489,985 1664,981 1840,978 2015,976 2190,973 2365,971 2541,970 2716,969 2891,968 3066,967 3242,966 3417,965 3592,965 3767,964 3943,963 3943,864 3767,865 3592,866 3417,866 3242,867 3066,868 2891,869 2716,870 2541,871 2365,872 2190,874 2015,877 1840,879 1664,882 1489,886 1314,891 1139,897 963,902 788,909 613,917 438,925"/>
                <Baseline points="438,991 613,983 788,975 963,968 1139,963 1314,957 1489,952 1664,948 1840,945 2015,943 2190,940 2365,938 2541,937 2716,936 2891,935 3066,934 3242,933 3417,932 3592,932 3767,931 3943,930"/>
                <TextEquiv>
                    <Unicode>gentliche Dorf und dabei die Bornhardt'schen Fundpunkte,</Unicode>
                </TextEquiv>
            </TextLine>
            <TextLine id="r6l8" custom="readingOrder {index:6;}">
                <Coords points="488,1184 654,1179 821,1174 987,1170 1154,1165 1320,1160 1487,1156 1653,1151 1820,1146 1986,1142 2153,1137 2320,1133 2486,1130 2653,1126 2819,1123 2986,1120 3152,1118 3319,1116 3485,1115 3652,1114 3819,1114 3819,1011 3652,1011 3485,1012 3319,1013 3152,1015 2986,1017 2819,1020 2653,1023 2486,1027 2320,1030 2153,1034 1986,1039 1820,1043 1653,1048 1487,1053 1320,1057 1154,1062 987,1067 821,1071 654,1076 488,1081"/>
                <Baseline points="488,1150 654,1145 821,1140 987,1136 1154,1131 1320,1126 1487,1122 1653,1117 1820,1112 1986,1108 2153,1103 2320,1099 2486,1096 2653,1092 2819,1089 2986,1086 3152,1084 3319,1082 3485,1081 3652,1080 3819,1080"/>
                <TextEquiv>
                    <Unicode>bis ich merkte, daß Ntandi endgiltig passiert sei. Hier</Unicode>
                </TextEquiv>
            </TextLine>
            <TextLine id="r6l9" custom="readingOrder {index:7;}">
                <Coords points="526,1350 688,1340 850,1331 1012,1322 1174,1315 1336,1309 1498,1303 1660,1298 1822,1294 1984,1291 2146,1288 2308,1286 2470,1284 2632,1283 2794,1282 2956,1282 3118,1282 3280,1282 3442,1282 3604,1283 3767,1284 3767,1181 3604,1180 3442,1179 3280,1179 3118,1179 2956,1179 2794,1179 2632,1180 2470,1181 2308,1183 2146,1185 1984,1188 1822,1191 1660,1195 1498,1200 1336,1206 1174,1212 1012,1219 850,1228 688,1237 526,1247"/>
                <Baseline points="526,1316 688,1306 850,1297 1012,1288 1174,1281 1336,1275 1498,1269 1660,1264 1822,1260 1984,1257 2146,1254 2308,1252 2470,1250 2632,1249 2794,1248 2956,1248 3118,1248 3280,1248 3442,1248 3604,1249 3767,1250"/>
                <TextEquiv>
                    <Unicode>wie oben auf dem Plateau ziemlich reichliche Löwen„</Unicode>
                </TextEquiv>
            </TextLine>
            <TextLine id="r6l10" custom="readingOrder {index:8;}">
                <Coords points="455,1517 633,1504 811,1493 989,1482 1167,1473 1346,1465 1524,1458 1702,1451 1880,1445 2058,1440 2237,1436 2415,1432 2593,1429 2771,1427 2949,1425 3128,1424 3306,1424 3484,1424 3662,1424 3840,1425 4019,1426 4019,1323 3840,1322 3662,1321 3484,1321 3306,1321 3128,1321 2949,1322 2771,1324 2593,1326 2415,1329 2237,1333 2058,1337 1880,1342 1702,1348 1524,1355 1346,1362 1167,1370 989,1379 811,1390 633,1401 455,1414"/>
                <Baseline points="455,1483 633,1470 811,1459 989,1448 1167,1439 1346,1431 1524,1424 1702,1417 1880,1411 2058,1406 2237,1402 2415,1398 2593,1395 2771,1393 2949,1391 3128,1390 3306,1390 3484,1390 3662,1390 3840,1391 4019,1392"/>
                <TextEquiv>
                    <Unicode>spuren. Vorausgehend (in Ntandi d. Barrabarra wieder erreicht,</Unicode>
                </TextEquiv>
            </TextLine>
            <TextLine id="r6l11" custom="readingOrder {index:9;}">
                <Coords points="528,1684 699,1673 870,1663 1041,1654 1212,1645 1383,1637 1554,1630 1725,1624 1896,1618 2067,1613 2238,1608 2409,1603 2580,1600 2751,1596 2922,1593 3093,1590 3264,1587 3435,1585 3606,1582 3777,1580 3949,1578 3949,1475 3777,1477 3606,1479 3435,1482 3264,1484 3093,1487 2922,1490 2751,1493 2580,1497 2409,1500 2238,1505 2067,1510 1896,1515 1725,1521 1554,1527 1383,1534 1212,1542 1041,1551 870,1560 699,1570 528,1581"/>
                <Baseline points="528,1650 699,1639 870,1629 1041,1620 1212,1611 1383,1603 1554,1596 1725,1590 1896,1584 2067,1579 2238,1574 2409,1569 2580,1566 2751,1562 2922,1559 3093,1556 3264,1553 3435,1551 3606,1548 3777,1546 3949,1544"/>
                <TextEquiv>
                    <Unicode>wo meine Träger gewartet hatten) sah ich plötzlich in ziem„</Unicode>
                </TextEquiv>
            </TextLine>
            <TextLine id="r6l12" custom="readingOrder {index:10;}">
                <Coords points="513,1856 679,1843 846,1831 1012,1819 1179,1808 1345,1797 1512,1787 1678,1777 1845,1768 2011,1760 2178,1753 2345,1746 2511,1741 2678,1737 2844,1733 3011,1731 3177,1730 3344,1731 3510,1733 3677,1736 3844,1741 3844,1638 3677,1633 3510,1630 3344,1628 3177,1627 3011,1628 2844,1630 2678,1634 2511,1638 2345,1643 2178,1650 2011,1657 1845,1665 1678,1674 1512,1684 1345,1694 1179,1705 1012,1716 846,1728 679,1740 513,1753"/>
                <Baseline points="513,1822 679,1809 846,1797 1012,1785 1179,1774 1345,1763 1512,1753 1678,1743 1845,1734 2011,1726 2178,1719 2345,1712 2511,1707 2678,1703 2844,1699 3011,1697 3177,1696 3344,1697 3510,1699 3677,1702 3844,1707"/>
                <TextEquiv>
                    <Unicode>licher Nähe eine schöngehörnte Antilope stehen, ohne die Art</Unicode>
                </TextEquiv>
            </TextLine>
            <TextLine id="r6l13" custom="readingOrder {index:11;}">
                <Coords points="492,2016 660,2005 829,1993 997,1982 1166,1971 1335,1960 1503,1950 1672,1939 1840,1929 2009,1920 2178,1912 2346,1904 2515,1898 2683,1892 2852,1887 3021,1884 3189,1882 3358,1882 3526,1883 3695,1885 3864,1890 3864,1787 3695,1782 3526,1780 3358,1779 3189,1779 3021,1781 2852,1784 2683,1789 2515,1795 2346,1801 2178,1809 2009,1817 1840,1826 1672,1836 1503,1847 1335,1857 1166,1868 997,1879 829,1890 660,1902 492,1913"/>
                <Baseline points="492,1982 660,1971 829,1959 997,1948 1166,1937 1335,1926 1503,1916 1672,1905 1840,1895 2009,1886 2178,1878 2346,1870 2515,1864 2683,1858 2852,1853 3021,1850 3189,1848 3358,1848 3526,1849 3695,1851 3864,1856"/>
                <TextEquiv>
                    <Unicode>erkennen zu können. Mein Begleiter schlich sich zurück,</Unicode>
                </TextEquiv>
            </TextLine>
            <TextLine id="r6l14" custom="readingOrder {index:12;}">
                <Coords points="491,2175 667,2167 844,2157 1021,2148 1198,2137 1374,2127 1551,2118 1728,2107 1905,2098 2082,2089 2258,2080 2435,2072 2612,2065 2789,2059 2966,2054 3142,2050 3319,2048 3496,2047 3673,2048 3850,2051 3850,1948 3673,1945 3496,1944 3319,1945 3142,1947 2966,1951 2789,1956 2612,1962 2435,1969 2258,1977 2082,1986 1905,1995 1728,2004 1551,2015 1374,2024 1198,2034 1021,2045 844,2054 667,2064 491,2072"/>
                <Baseline points="491,2141 667,2133 844,2123 1021,2114 1198,2103 1374,2093 1551,2084 1728,2073 1905,2064 2082,2055 2258,2046 2435,2038 2612,2031 2789,2025 2966,2020 3142,2016 3319,2014 3496,2013 3673,2014 3850,2017"/>
                <TextEquiv>
                    <Unicode>um Schweigen zu gebieten u. d. Gewehr zu holen, mit</Unicode>
                </TextEquiv>
            </TextLine>
            <TextLine id="r6l15" custom="readingOrder {index:13;}">
                <Coords points="514,2333 676,2322 838,2313 1001,2304 1163,2295 1326,2288 1488,2282 1651,2275 1813,2269 1976,2264 2138,2259 2300,2255 2463,2251 2625,2247 2788,2243 2950,2240 3113,2237 3275,2233 3438,2230 3600,2227 3763,2224 3763,2121 3600,2124 3438,2127 3275,2130 3113,2134 2950,2137 2788,2140 2625,2144 2463,2148 2300,2152 2138,2156 1976,2161 1813,2166 1651,2172 1488,2179 1326,2185 1163,2192 1001,2201 838,2210 676,2219 514,2230"/>
                <Baseline points="514,2299 676,2288 838,2279 1001,2270 1163,2261 1326,2254 1488,2248 1651,2241 1813,2235 1976,2230 2138,2225 2300,2221 2463,2217 2625,2213 2788,2209 2950,2206 3113,2203 3275,2199 3438,2196 3600,2193 3763,2190"/>
                <TextEquiv>
                    <Unicode>dem Ali wieder einmal zurück geblieben war.</Unicode>
                </TextEquiv>
            </TextLine>
            <TextLine id="r6l16" custom="readingOrder {index:14;}">
                <Coords points="507,2495 678,2485 850,2475 1022,2466 1193,2458 1365,2449 1537,2442 1708,2436 1880,2429 2052,2423 2224,2417 2395,2412 2567,2408 2739,2404 2910,2400 3082,2397 3254,2395 3425,2392 3597,2391 3769,2389 3941,2389 3941,2286 3769,2286 3597,2288 3425,2289 3254,2292 3082,2294 2910,2297 2739,2301 2567,2305 2395,2309 2224,2314 2052,2320 1880,2326 1708,2333 1537,2339 1365,2346 1193,2355 1022,2363 850,2372 678,2382 507,2392"/>
                <Baseline points="507,2461 678,2451 850,2441 1022,2432 1193,2424 1365,2415 1537,2408 1708,2402 1880,2395 2052,2389 2224,2383 2395,2378 2567,2374 2739,2370 2910,2366 3082,2363 3254,2361 3425,2358 3597,2357 3769,2355 3941,2355"/>
                <TextEquiv>
                    <Unicode>Bis er kam, war das Tier, wohl ein Buschbock langsam</Unicode>
                </TextEquiv>
            </TextLine>
            <TextLine id="r6l17" custom="readingOrder {index:15;}">
                <Coords points="532,2648 695,2638 858,2629 1021,2621 1184,2614 1347,2608 1510,2602 1673,2597 1836,2593 1999,2590 2163,2587 2326,2584 2489,2582 2652,2579 2815,2577 2978,2574 3141,2572 3304,2569 3467,2566 3631,2562 3631,2481 3467,2485 3304,2488 3141,2491 2978,2493 2815,2496 2652,2498 2489,2501 2326,2503 2163,2506 1999,2509 1836,2512 1673,2516 1510,2521 1347,2527 1184,2533 1021,2540 858,2548 695,2557 532,2567"/>
                <Baseline points="532,2621 695,2611 858,2602 1021,2594 1184,2587 1347,2581 1510,2575 1673,2570 1836,2566 1999,2563 2163,2560 2326,2557 2489,2555 2652,2552 2815,2550 2978,2547 3141,2545 3304,2542 3467,2539 3631,2535"/>
                <TextEquiv>
                    <Unicode>im Busch verschwunden u. nicht mehr zu finden.</Unicode>
                </TextEquiv>
            </TextLine>
            <TextLine id="line_1566286540090_63" custom="readingOrder {index:16;} textStyle {offset:33; length:3;underlined:true; fontSize:0.0; kerning:0; superscript:true;}">
                <Coords points="517,2737 1727,2667 2653,2650 3775,2646 3775,2696 2653,2700 1729,2717 520,2787"/>
                <Baseline points="520,2782 1729,2712 2653,2695 3775,2691"/>
                <TextEquiv>
                    <Unicode>Im Mahimira entdeckte ich einen 2ten „Tendaguru“,</Unicode>
                </TextEquiv>
            </TextLine>
            <TextLine id="r6l20" custom="readingOrder {index:17;}">
                <Coords points="536,2969 703,2962 870,2954 1038,2946 1205,2940 1373,2933 1540,2928 1707,2921 1875,2916 2042,2911 2210,2906 2377,2901 2544,2897 2712,2894 2879,2890 3047,2887 3214,2884 3381,2882 3549,2880 3716,2878 3884,2877 3884,2774 3716,2775 3549,2777 3381,2779 3214,2781 3047,2784 2879,2787 2712,2791 2544,2794 2377,2798 2210,2803 2042,2808 1875,2813 1707,2818 1540,2825 1373,2830 1205,2837 1038,2843 870,2851 703,2859 536,2866"/>
                <Baseline points="536,2935 703,2928 870,2920 1038,2912 1205,2906 1373,2899 1540,2894 1707,2887 1875,2882 2042,2877 2210,2872 2377,2867 2544,2863 2712,2860 2879,2856 3047,2853 3214,2850 3381,2848 3549,2846 3716,2844 3884,2843"/>
                <TextEquiv>
                    <Unicode>Zeugenberg von den Plateaus ganz losgelöst, aber wohl</Unicode>
                </TextEquiv>
            </TextLine>
            <TextLine id="r6l21" custom="readingOrder {index:18;}">
                <Coords points="517,3145 677,3137 837,3128 997,3121 1157,3113 1318,3106 1478,3098 1638,3091 1798,3085 1958,3078 2119,3072 2279,3066 2439,3061 2599,3056 2759,3051 2920,3048 3080,3044 3240,3041 3400,3039 3560,3037 3721,3036 3721,2933 3560,2934 3400,2936 3240,2938 3080,2941 2920,2945 2759,2948 2599,2953 2439,2958 2279,2963 2119,2969 1958,2975 1798,2982 1638,2988 1478,2995 1318,3003 1157,3010 997,3018 837,3025 677,3034 517,3042"/>
                <Baseline points="517,3111 677,3103 837,3094 997,3087 1157,3079 1318,3072 1478,3064 1638,3057 1798,3051 1958,3044 2119,3038 2279,3032 2439,3027 2599,3022 2759,3017 2920,3014 3080,3010 3240,3007 3400,3005 3560,3003 3721,3002"/>
                <TextEquiv>
                    <Unicode>etwas höher. Peilte ringsum das Panorama an.</Unicode>
                </TextEquiv>
            </TextLine>
            <TextLine id="r6l22" custom="readingOrder {index:19;}">
                <Coords points="487,3303 651,3296 816,3288 980,3281 1145,3274 1310,3266 1474,3258 1639,3251 1803,3244 1968,3238 2133,3232 2297,3225 2462,3220 2626,3215 2791,3211 2956,3207 3120,3204 3285,3202 3449,3201 3614,3201 3779,3201 3779,3098 3614,3098 3449,3098 3285,3099 3120,3101 2956,3104 2791,3108 2626,3112 2462,3117 2297,3122 2133,3129 1968,3135 1803,3141 1639,3148 1474,3155 1310,3163 1145,3171 980,3178 816,3185 651,3193 487,3200"/>
                <Baseline points="487,3269 651,3262 816,3254 980,3247 1145,3240 1310,3232 1474,3224 1639,3217 1803,3210 1968,3204 2133,3198 2297,3191 2462,3186 2626,3181 2791,3177 2956,3173 3120,3170 3285,3168 3449,3167 3614,3167 3779,3167"/>
                <TextEquiv>
                    <Unicode>Dann hinab zu einzelnen Schamben. Schlug hier noch</Unicode>
                </TextEquiv>
            </TextLine>
            <TextLine id="r6l23" custom="readingOrder {index:20;} textStyle {offset:7; length:3;strikethrough:true; fontSize:0.0; kerning:0;}">
                <Coords points="505,3440 674,3438 843,3435 1012,3431 1181,3427 1350,3423 1519,3418 1689,3413 1858,3407 2027,3402 2196,3397 2365,3392 2534,3387 2703,3382 2873,3378 3042,3375 3211,3372 3380,3370 3549,3368 3718,3368 3888,3369 3888,3266 3718,3265 3549,3265 3380,3267 3211,3269 3042,3272 2873,3275 2703,3279 2534,3284 2365,3289 2196,3294 2027,3299 1858,3304 1689,3310 1519,3315 1350,3320 1181,3324 1012,3328 843,3332 674,3335 505,3337"/>
                <Baseline points="505,3406 674,3404 843,3401 1012,3397 1181,3393 1350,3389 1519,3384 1689,3379 1858,3373 2027,3368 2196,3363 2365,3358 2534,3353 2703,3348 2873,3344 3042,3341 3211,3338 3380,3336 3549,3334 3718,3334 3888,3335"/>
                <TextEquiv>
                    <Unicode>einmal das ein Lager auf, weil es reichlich warm</Unicode>
                </TextEquiv>
            </TextLine>
            <TextLine id="r6l24" custom="readingOrder {index:21;}">
                <Coords points="515,3604 677,3596 840,3588 1003,3581 1165,3575 1328,3570 1491,3565 1653,3560 1816,3556 1979,3553 2142,3550 2304,3547 2467,3545 2630,3542 2792,3541 2955,3539 3118,3537 3280,3536 3443,3535 3606,3534 3769,3533 3769,3430 3606,3431 3443,3432 3280,3433 3118,3434 2955,3436 2792,3438 2630,3439 2467,3442 2304,3444 2142,3447 1979,3450 1816,3453 1653,3457 1491,3462 1328,3467 1165,3472 1003,3478 840,3485 677,3493 515,3501"/>
                <Baseline points="515,3570 677,3562 840,3554 1003,3547 1165,3541 1328,3536 1491,3531 1653,3526 1816,3522 1979,3519 2142,3516 2304,3513 2467,3511 2630,3508 2792,3507 2955,3505 3118,3503 3280,3502 3443,3501 3606,3500 3769,3499"/>
                <TextEquiv>
                    <Unicode>wurde, auch wollte ich mich geologisch orientieren u.</Unicode>
                </TextEquiv>
            </TextLine>
            <TextLine id="r6l25" custom="readingOrder {index:22;}">
                <Coords points="483,3763 649,3757 816,3750 983,3743 1150,3738 1317,3732 1483,3726 1650,3722 1817,3716 1984,3712 2151,3708 2317,3705 2484,3701 2651,3699 2818,3696 2985,3694 3151,3692 3318,3691 3485,3690 3652,3690 3819,3690 3819,3587 3652,3587 3485,3587 3318,3588 3151,3589 2985,3591 2818,3593 2651,3596 2484,3598 2317,3602 2151,3605 1984,3609 1817,3613 1650,3619 1483,3623 1317,3629 1150,3635 983,3640 816,3647 649,3654 483,3660"/>
                <Baseline points="483,3729 649,3723 816,3716 983,3709 1150,3704 1317,3698 1483,3692 1650,3688 1817,3682 1984,3678 2151,3674 2317,3671 2484,3667 2651,3665 2818,3662 2985,3660 3151,3658 3318,3657 3485,3656 3652,3656 3819,3656"/>
                <TextEquiv>
                    <Unicode>Wild für die Leute suchen. Ein sofortiger Pürschgang</Unicode>
                </TextEquiv>
            </TextLine>
            <TextLine id="r6l26" custom="readingOrder {index:23;}">
                <Coords points="505,3917 658,3910 812,3903 966,3896 1120,3890 1274,3883 1428,3877 1582,3872 1736,3866 1890,3860 2044,3856 2197,3851 2351,3846 2505,3842 2659,3839 2813,3835 2967,3832 3121,3830 3275,3827 3429,3826 3583,3824 3583,3721 3429,3723 3275,3724 3121,3727 2967,3729 2813,3732 2659,3736 2505,3739 2351,3743 2197,3748 2044,3753 1890,3757 1736,3763 1582,3769 1428,3774 1274,3780 1120,3787 966,3793 812,3800 658,3807 505,3814"/>
                <Baseline points="505,3883 658,3876 812,3869 966,3862 1120,3856 1274,3849 1428,3843 1582,3838 1736,3832 1890,3826 2044,3822 2197,3817 2351,3812 2505,3808 2659,3805 2813,3801 2967,3798 3121,3796 3275,3793 3429,3792 3583,3790"/>
                <TextEquiv>
                    <Unicode>nach N. in schönes freies Revier war erfolglos.</Unicode>
                </TextEquiv>
            </TextLine>
            <TextLine id="r6l27" custom="readingOrder {index:24;}">
                <Coords points="593,4071 757,4065 921,4058 1085,4052 1249,4045 1413,4040 1577,4033 1741,4028 1905,4023 2069,4018 2233,4013 2397,4009 2561,4004 2725,4001 2889,3997 3053,3994 3217,3992 3381,3990 3545,3988 3709,3987 3873,3986 3873,3883 3709,3884 3545,3885 3381,3887 3217,3889 3053,3891 2889,3894 2725,3898 2561,3901 2397,3906 2233,3910 2069,3915 1905,3920 1741,3925 1577,3930 1413,3937 1249,3942 1085,3949 921,3955 757,3962 593,3968"/>
                <Baseline points="593,4037 757,4031 921,4024 1085,4018 1249,4011 1413,4006 1577,3999 1741,3994 1905,3989 2069,3984 2233,3979 2397,3975 2561,3970 2725,3967 2889,3963 3053,3960 3217,3958 3381,3956 3545,3954 3709,3953 3873,3952"/>
                <TextEquiv>
                    <Unicode>Zwischen 11 ½ u. 3 ziemlich regungslos gelegen wegen</Unicode>
                </TextEquiv>
            </TextLine>
            <TextLine id="line_1566286615696_87" custom="readingOrder {index:25;}">
                <Coords points="536,4143 1294,4105 3126,4091 3340,4111 3364,4066 4041,4129 4012,4182 3988,4139 3992,4140 3388,4109 3364,4154 3125,4141 1295,4155 538,4193"/>
                <Baseline points="538,4188 1295,4150 3125,4136 3362,4150 3386,4105 3997,4139 3990,4143"/>
                <TextEquiv>
                    <Unicode>großer Hitze; dann inzwischen aufgefundenen Fossilpunkt</Unicode>
                </TextEquiv>
            </TextLine>
            <TextLine id="r6l30" custom="readingOrder {index:26;}">
                <Coords points="503,4407 662,4398 822,4389 981,4382 1141,4375 1300,4369 1460,4363 1619,4358 1779,4354 1938,4350 2098,4347 2257,4343 2417,4340 2576,4338 2736,4335 2895,4332 3055,4329 3214,4326 3374,4323 3533,4319 3693,4315 3693,4212 3533,4216 3374,4220 3214,4223 3055,4226 2895,4229 2736,4232 2576,4235 2417,4237 2257,4240 2098,4244 1938,4247 1779,4251 1619,4255 1460,4260 1300,4266 1141,4272 981,4279 822,4286 662,4295 503,4304"/>
                <Baseline points="503,4373 662,4364 822,4355 981,4348 1141,4341 1300,4335 1460,4329 1619,4324 1779,4320 1938,4316 2098,4313 2257,4309 2417,4306 2576,4304 2736,4301 2895,4298 3055,4295 3214,4292 3374,4289 3533,4285 3693,4281"/>
                <TextEquiv>
                    <Unicode>u. Knochenfund besichtigt u. nochmals in dem stark</Unicode>
                </TextEquiv>
            </TextLine>
            <TextLine id="r6l31" custom="readingOrder {index:27;}">
                <Coords points="469,4556 645,4555 822,4554 999,4550 1176,4546 1353,4540 1530,4534 1707,4527 1884,4519 2061,4512 2238,4504 2414,4497 2591,4491 2768,4485 2945,4481 3122,4478 3299,4476 3476,4476 3653,4478 3830,4482 4007,4489 4007,4386 3830,4379 3653,4375 3476,4373 3299,4373 3122,4375 2945,4378 2768,4382 2591,4388 2414,4394 2238,4401 2061,4409 1884,4416 1707,4424 1530,4431 1353,4437 1176,4443 999,4447 822,4451 645,4452 469,4453"/>
                <Baseline points="469,4522 645,4521 822,4520 999,4516 1176,4512 1353,4506 1530,4500 1707,4493 1884,4485 2061,4478 2238,4470 2414,4463 2591,4457 2768,4451 2945,4447 3122,4444 3299,4442 3476,4442 3653,4444 3830,4448 4007,4455"/>
                <TextEquiv>
                    <Unicode>kupierten Forst nach Kumihu hin auf Wild gefahndet, aber</Unicode>
                </TextEquiv>
            </TextLine>
            <TextLine id="r6l32" custom="readingOrder {index:28;}">
                <Coords points="477,4735 647,4731 818,4727 989,4722 1160,4717 1331,4711 1502,4705 1673,4699 1844,4694 2015,4687 2186,4681 2356,4676 2527,4671 2698,4666 2869,4662 3040,4659 3211,4657 3382,4656 3553,4656 3724,4657 3895,4659 3895,4556 3724,4554 3553,4553 3382,4553 3211,4554 3040,4556 2869,4559 2698,4563 2527,4568 2356,4573 2186,4578 2015,4584 1844,4591 1673,4596 1502,4602 1331,4608 1160,4614 989,4619 818,4624 647,4628 477,4632"/>
                <Baseline points="477,4701 647,4697 818,4693 989,4688 1160,4683 1331,4677 1502,4671 1673,4665 1844,4660 2015,4653 2186,4647 2356,4642 2527,4637 2698,4632 2869,4628 3040,4625 3211,4623 3382,4622 3553,4622 3724,4623 3895,4625"/>
                <TextEquiv>
                    <Unicode>nur viel Spuren gesehen (Barappi u. Elenant.) Doch bekam</Unicode>
                </TextEquiv>
            </TextLine>
            <TextLine id="r6l33" custom="readingOrder {index:29;}">
                <Coords points="459,4877 584,4877 710,4876 836,4875 962,4874 1088,4872 1213,4871 1339,4869 1465,4866 1591,4864 1717,4861 1842,4858 1968,4855 2094,4851 2220,4847 2346,4843 2471,4839 2597,4835 2723,4830 2849,4826 2975,4821 2975,4718 2849,4723 2723,4727 2597,4732 2471,4736 2346,4740 2220,4744 2094,4748 1968,4752 1842,4755 1717,4758 1591,4761 1465,4763 1339,4766 1213,4768 1088,4769 962,4771 836,4772 710,4773 584,4774 459,4774"/>
                <Baseline points="459,4843 584,4843 710,4842 836,4841 962,4840 1088,4838 1213,4837 1339,4835 1465,4832 1591,4830 1717,4827 1842,4824 1968,4821 2094,4817 2220,4813 2346,4809 2471,4805 2597,4801 2723,4796 2849,4792 2975,4787"/>
                <TextEquiv>
                    <Unicode>ich Klarheit über die geolog. Schichtenfolge</Unicode>
                </TextEquiv>
            </TextLine>
            <TextEquiv>
                <Unicode>59
unerwarteten, leider halb verbrannten Mango-Bäumen
vorbei auf den Weg, der rechts von Matapua kam, und
diesem folgend in einige Schamben von Ntandi. Anstehendes
hier nirgends zu beobachten; ich erwartete, immer das ei„
gentliche Dorf und dabei die Bornhardt'schen Fundpunkte,
bis ich merkte, daß Ntandi endgiltig passiert sei. Hier
wie oben auf dem Plateau ziemlich reichliche Löwen„
spuren. Vorausgehend (in Ntandi d. Barrabarra wieder erreicht,
wo meine Träger gewartet hatten) sah ich plötzlich in ziem„
licher Nähe eine schöngehörnte Antilope stehen, ohne die Art
erkennen zu können. Mein Begleiter schlich sich zurück,
um Schweigen zu gebieten u. d. Gewehr zu holen, mit
dem Ali wieder einmal zurück geblieben war.
Bis er kam, war das Tier, wohl ein Buschbock langsam
im Busch verschwunden u. nicht mehr zu finden.
Im Mahimira entdeckte ich einen 2ten „Tendaguru“,
Zeugenberg von den Plateaus ganz losgelöst, aber wohl
etwas höher. Peilte ringsum das Panorama an.
Dann hinab zu einzelnen Schamben. Schlug hier noch
einmal das ein Lager auf, weil es reichlich warm
wurde, auch wollte ich mich geologisch orientieren u.
Wild für die Leute suchen. Ein sofortiger Pürschgang
nach N. in schönes freies Revier war erfolglos.
Zwischen 11 ½ u. 3 ziemlich regungslos gelegen wegen
großer Hitze; dann inzwischen aufgefundenen Fossilpunkt
u. Knochenfund besichtigt u. nochmals in dem stark
kupierten Forst nach Kumihu hin auf Wild gefahndet, aber
nur viel Spuren gesehen (Barappi u. Elenant.) Doch bekam
ich Klarheit über die geolog. Schichtenfolge</Unicode>
            </TextEquiv>
        </TextRegion>
    </Page>
</PcGts>
