4292 5213
3805 261 3990 379 115
330 281 3926 517 Wasseguha von N. her bei Sattler ein. Daher für morgen
393 417 1690 689 schon Safari angesetzt.
624 553 3883 835 23.III. Mit mehr als 200 Mann nach N. aufge„
434 720 3941 917 brochen (wir kamen erst nach 8h fort) Die D. O. A. S.
398 872 3901 1107 hat d. Kautschukzapfrecht für Nguru gepachtet, Sattler will
422 1025 3979 1283 damit zugleich Arbeiter aus diesem noch unausgesoge„
430 1183 3632 1470 nen Gebiet anziehen u. d. Verkehr, der jetzt nach
399 1370 3933 1629 Bagamoyo geht, nach Mikesse lenken. Zwischen Wami
451 1474 4064 1784 u. Lungerengere liegt aber ein breiter, unbewohnter,
472 1644 4029 1932 pfadloser Streifen, durch den Weg gelegt werden soll.
466 1812 3912 2085 Da Leute genug vorhanden, kann ich all meine
455 1958 3871 2204 Lasten mitnehmen u. soll möglichst bei d. Fleisch„
459 2082 3930 2401 versorgung d. Leute helfen. 4½ Std. bis Lungerengere,
462 2263 3864 2520 an dessen linkem Ufer in Lager bezogen.
620 2438 3380 2747 Abends Jagdausflug ohne etwas zu sehen.
561 2633 4030 2951 24.III: Bei Mondschein um 5½ aufgebrochen, nach  N.
465 2789 4028 3124 Ebenes Gebiet, meist niedriges Gras u. offener Wald
482 2962 4000 3248 mit Parzellen reiner Steppe. Nach 5 Std. an kleiner
446 3199 3775 3480 Wasserstelle gerastet. Nachm. einen Teil des Weges
484 3285 3838 3630 zur Probe gerodet. Mit d. vielen Leuten geht's
483 3469 3977 3759 im Augenblick. Jagdausflug in d. Nähe des Msávula-
488 3580 3975 3921 Berges. Ganz zuletzt sah ich einige Kongoni durch Busch,
526 3801 3872 4057 verwundete leider 1 oder gar 2, mußte aber bald
511 3980 3867 4293 d. Verfolgung wegen drohender Nacht aufgeben,
539 4160 2013 4429 ein greuliches Gefühl.
669 4279 4006 4524 25.III. Wir trennten uns. Sattler, der Montag nach
460 4447 3883 4729 Kilossa muß, zurück, um d. Weg bis Lungerengere
531 4609 4027 4928 zu roden, ich noch weiter nach N. zu gleichem Zweck.
