4292 5213
3674 231 3783 317 69
433 335 3961 465 Mbenkuru führte. Aber jenseits hohes grünes Gras u. im Fluß„
481 474 4039 623 bett frische Elephanten- u. Nilpferdspuren, die Tiere allein hatten
507 631 3931 814 auch den Weg getreten, so daß er voraussichtlich nicht zu
489 795 3845 940 Menschen, sondern immer weiter in's pori führte. Da
433 975 693 1052 links
511 952 3989 1114 rechts vom Mbenkuru gut gebrannt, wollte ich erst weiter
514 1100 3786 1293 aufwärts gehen, um bessern Übergang zu finden. Doch
501 1253 3801 1434 hier Spuren einer täglich sich aufhaltenden Büffelherde,
487 1416 3909 1596 sodaß ich gezwungen war, halb Voll-, halb Halbmantel„
531 1565 3979 1752 patronen in den Lauf zu tun. Das war mir doch etwas
505 1718 3995 1904 unheimlich, außerdem sagte ich mir, wenn die Strecke gang„
461 1870 3851 2078 bar wäre, müßten doch die Leute von beiden Ufern
443 2036 3919 2239 sie irgendwie benutzen u. eine Wegspur sichtbar sein.
487 2193 3821 2388 An dem bereits heiß werdenden Tage aber etwa in
515 2363 3935 2542 hohes Gras zu geraten oder im Pori mittags umkehren
513 2531 3840 2711 zu müssen, um dann doch den angeblich einzigen
499 2696 3973 2864 Weg über Itukuru zurück zu gehen, hatte ich nicht Lust.
476 2882 3877 3012 Wir kehrten zurück u. erwarteten die Träger. Da sie nicht
467 3061 2562 3198 kommen wollten, nahm ich an,
2368 2970 2947 3043 meine Boten
2562 3042 3797 3113 sie hätten niemand
489 3171 3930 3344 gefunden u. seien bereits auf jenem Rückwege. Schweren
441 3354 3772 3518 Herzens entschloß ich mich um 11 zu dem gleichen Wege,
422 3532 3829 3684 kurz vor der Quelle aber trafen wir die Leute, von
450 3734 3914 3860 denen Einer denn auch glücklich den Weg zur jenseitigen
471 3907 3910 4019 Niederlassung von Jussuf Manga kannte: es waren nur
513 4074 3963 4222 ¾ Std.! Eine Herde Elenantilopen. Der Mbenkuru muß
487 4261 3918 4392 eine nicht unbeträchtliche Biegung machen, wahrschinlich nahe
465 4439 3855 4600 Kigombo. Im Flußsande mittags eine schier unerträgliche
474 4633 3468 4760 Glut. Um 1 ¼ endlich im Lager unterhalb Kijenjere.
580 4785 2027 4924 Abends im nahen Graben.
