4292 5213
235 259 343 313 68
390 275 3819 411 Mehrfach über Täler u. „Nasen‟, am Quellende des Nossa auf schmaler Ver„
390 402 3942 543 bindungsbrücke auf dem Itukuru, an dessen Randhange in ca 50-70 m. Höhe
392 542 3862 680 (bei Normal 762 mm!) hin, endlich scharf hinab über harte, rote Bänke
376 674 3822 851 ― u. unvermutet stand ich bereits um 7 vor dem Kiboko-
339 784 3740 977 Wasser, von dessen Nähe mir die sehr törichten Führer nichts ge„
399 949 3865 1137 sagt hatten oder selbst nicht wußten. Ein bezauberndes Tropen„
398 1081 3859 1276 bild: ein stilles Gewässer unter dichtem hohem Laubdach, herrliche
419 1230 3869 1434 Baumkronen grade aus d. Wasser aufsteigend u. seltene Wasser„
432 1373 3775 1573 vögel dazwischen huschend. Natürlich hatten sich d. Nipferde,
445 1507 3827 1710 falls sie da waren, bei unserm geräuschvollen Kommen
405 1644 3853 1846 verzogen. Die Quelle des Nyangi bricht mit auffallend star„
466 1785 3836 1981 ker Strömung unmittelbar aus d. Fuß des Itukuru hervor
460 1911 3885 2141 u. zwar seltsamerweise unter d. harten roten Sandstein„
473 2070 3712 2275 bänken. Nach wenigen Metern erweitert sie sich zu
483 2210 3727 2392 dem Teich-artigen breiten wassererfüllten Flußbett, das
493 2346 3883 2535 den Oberlauf des Makumba  darstellen soll. Photographiert.
473 2479 3653 2716 Einige Regentropfen. Aus d. Quelle getrunken, aber enttäuscht, da
516 2647 3600 2865 lauwarm. Ihre Entstehung ist mir durchaus nicht klar. Keine
505 2785 3661 3017 Anzeichen eines verdeckten Inselberges aus Gneiß oder von
508 2923 3735 3146 Verwerfungen u. dgl. Gesteine am Itukuru-Rand freilich unbe„
520 3059 2715 3272 kannt, keine Saurierschichten zu bemerken.
587 3195 3627 3406 Wollte nun über d. Mbenkuru nach Kijenjere, aber meine
459 3319 3671 3529 „Führer‟ ließen mich im Stich. Ob nicht Schamben in d. Nähe seien?
521 3471 3803 3665 Nein, wir müßten bis Liala denselben Weg zurück. Das wollte
515 3618 3811 3825 ich vermeiden u. ging in's Ungewisse. Zunächst nach wenigen
476 3747 3821 3978 Schritten natürlich Schamben, freilich verlassen, doch war erst in
495 3900 3793 4112 diesem Jahre Mtama geerntet. Wasserböcke, einen (leider wie„
506 4047 3821 4275 der kein Männchen dabei) angeschossen u. lange talabwärts
499 4249 3782 4444 verfolgt, wo ich ihn gegen 9 erlegen konnte. Nun sollten
501 4394 3756 4583 Leute als Träger vom Itukuru geholt werden. Inzwischen
489 4559 3795 4750 f wollte ich mit Ali u. 1 Mann allein vorangehen. Wir
577 4699 3683 4890 folgten einem Pfade, der in u. anscheinend über den
