<?xml version="1.0" encoding="UTF-8" standalone="yes"?>
<PcGts xmlns="http://schema.primaresearch.org/PAGE/gts/pagecontent/2013-07-15" xmlns:xsi="http://www.w3.org/2001/XMLSchema-instance" xsi:schemaLocation="http://schema.primaresearch.org/PAGE/gts/pagecontent/2013-07-15 http://schema.primaresearch.org/PAGE/gts/pagecontent/2013-07-15/pagecontent.xsd">
    <Metadata>
        <Creator>prov=University of Rostock/Institute of Mathematics/CITlab/Tobias Gruening/tobias.gruening@uni-rostock.de:name=/net_tf/LA73_249_0mod360.pb:de.uros.citlab.segmentation.CITlab_LA_ML:v=2.4.1
TRP</Creator>
        <Created>2019-08-02T07:17:38.751+02:00</Created>
        <LastChange>2019-10-07T08:57:44.574+02:00</LastChange>
        <TranskribusMetadata docId="190842" pageId="7550985" pageNr="100" tsid="16341881" status="GT" userId="34979" imgUrl="https://files.transkribus.eu/Get?id=BBBPYRQMCTXLVTWYAUZKNZQI&amp;fileType=view" xmlUrl="https://files.transkribus.eu/Get?id=ZTSGVUKBRQLLGRUQGBDVBRAU" imageId="4551863"/>
    </Metadata>
    <Page imageFilename="UAT_407_081_100.jpg" imageWidth="4292" imageHeight="5213">
        <ReadingOrder>
            <OrderedGroup id="ro_1612256498688" caption="Regions reading order">
                <RegionRefIndexed index="0" regionRef="r1"/>
            </OrderedGroup>
        </ReadingOrder>
        <TextRegion orientation="0.0" id="r1" custom="readingOrder {index:0;}">
            <Coords points="299,258 299,4801 3941,4801 3941,258"/>
            <TextLine id="line_1566809467768_61" custom="readingOrder {index:0;} structure {type:page-number;}">
                <Coords points="314,351 464,327 472,376 322,400"/>
                <Baseline points="321,395 471,371"/>
                <TextEquiv>
                    <Unicode>98</Unicode>
                </TextEquiv>
            </TextLine>
            <TextLine id="r1l1" custom="readingOrder {index:1;}">
                <Coords points="571,522 735,526 899,528 1063,528 1227,527 1391,525 1555,522 1719,518 1883,513 2047,508 2212,502 2376,497 2540,493 2704,488 2868,484 3032,481 3196,478 3360,477 3524,478 3688,479 3853,483 3853,372 3688,368 3524,367 3360,366 3196,367 3032,370 2868,373 2704,377 2540,382 2376,386 2212,391 2047,397 1883,402 1719,407 1555,411 1391,414 1227,416 1063,417 899,417 735,415 571,411"/>
                <Baseline points="571,485 735,489 899,491 1063,491 1227,490 1391,488 1555,485 1719,481 1883,476 2047,471 2212,465 2376,460 2540,456 2704,451 2868,447 3032,444 3196,441 3360,440 3524,441 3688,442 3853,446"/>
                <TextEquiv>
                    <Unicode>Angenehmes, niederes Gras. Im Unendlichen verloren 2 Leute,</Unicode>
                </TextEquiv>
            </TextLine>
            <TextLine id="r1l2" custom="readingOrder {index:2;}">
                <Coords points="586,701 744,695 903,688 1062,683 1221,677 1380,673 1539,669 1697,665 1856,660 2015,657 2174,654 2333,651 2492,648 2651,646 2809,644 2968,642 3127,640 3286,639 3445,638 3604,637 3763,636 3763,525 3604,526 3445,527 3286,528 3127,529 2968,531 2809,533 2651,535 2492,537 2333,540 2174,543 2015,546 1856,549 1697,554 1539,558 1380,562 1221,566 1062,572 903,577 744,584 586,590"/>
                <Baseline points="586,664 744,658 903,651 1062,646 1221,640 1380,636 1539,632 1697,628 1856,623 2015,620 2174,617 2333,614 2492,611 2651,609 2809,607 2968,605 3127,603 3286,602 3445,601 3604,600 3763,599"/>
                <TextEquiv>
                    <Unicode>welche Kräuter suchten. In der Mitte des Talbodens nahe </Unicode>
                </TextEquiv>
            </TextLine>
            <TextLine id="r1l3" custom="readingOrder {index:3;}">
                <Coords points="569,840 730,845 891,848 1052,849 1213,849 1374,847 1535,845 1696,841 1857,836 2018,832 2180,826 2341,821 2502,816 2663,810 2824,806 2985,802 3146,799 3307,797 3468,796 3629,797 3791,800 3791,685 3629,682 3468,681 3307,682 3146,684 2985,687 2824,691 2663,695 2502,701 2341,706 2180,711 2018,717 1857,721 1696,726 1535,730 1374,732 1213,734 1052,734 891,733 730,730 569,725"/>
                <Baseline points="569,802 730,807 891,810 1052,811 1213,811 1374,809 1535,807 1696,803 1857,798 2018,794 2180,788 2341,783 2502,778 2663,772 2824,768 2985,764 3146,761 3307,759 3468,758 3629,759 3791,762"/>
                <TextEquiv>
                    <Unicode>dem Lilimbe unabgebrannte hohe Grasstengel, die ein</Unicode>
                </TextEquiv>
            </TextLine>
            <TextLine id="r1l4" custom="readingOrder {index:4;}">
                <Coords points="554,1014 722,1014 890,1014 1058,1014 1226,1014 1395,1013 1563,1012 1731,1012 1899,1011 2067,1010 2236,1009 2404,1009 2572,1008 2740,1008 2908,1007 3077,1008 3245,1008 3413,1009 3581,1010 3749,1011 3918,1013 3918,898 3749,896 3581,895 3413,894 3245,893 3077,893 2908,892 2740,893 2572,893 2404,894 2236,894 2067,895 1899,896 1731,897 1563,897 1395,898 1226,899 1058,899 890,899 722,899 554,899"/>
                <Baseline points="554,976 722,976 890,976 1058,976 1226,976 1395,975 1563,974 1731,974 1899,973 2067,972 2236,971 2404,971 2572,970 2740,970 2908,969 3077,970 3245,970 3413,971 3581,972 3749,973 3918,975"/>
                <TextEquiv>
                    <Unicode>Überschreiten der Fläche verhinderten. Nach NO schien sich aus</Unicode>
                </TextEquiv>
            </TextLine>
            <TextLine id="r1l5" custom="readingOrder {index:5;}">
                <Coords points="600,1172 758,1171 917,1170 1075,1170 1234,1170 1392,1170 1551,1171 1709,1171 1868,1172 2026,1173 2185,1174 2343,1175 2502,1176 2660,1177 2819,1179 2977,1180 3136,1181 3294,1182 3453,1184 3611,1185 3770,1186 3770,1071 3611,1070 3453,1069 3294,1067 3136,1066 2977,1065 2819,1064 2660,1062 2502,1061 2343,1060 2185,1059 2026,1058 1868,1057 1709,1056 1551,1056 1392,1055 1234,1055 1075,1055 917,1055 758,1056 600,1057"/>
                <Baseline points="600,1134 758,1133 917,1132 1075,1132 1234,1132 1392,1132 1551,1133 1709,1133 1868,1134 2026,1135 2185,1136 2343,1137 2502,1138 2660,1139 2819,1141 2977,1142 3136,1143 3294,1144 3453,1146 3611,1147 3770,1148"/>
                <TextEquiv>
                    <Unicode>der gleich bleibenden Ebene der Kipini wie ein Insel„</Unicode>
                </TextEquiv>
            </TextLine>
            <TextLine id="r1l6" custom="readingOrder {index:6;}">
                <Coords points="572,1340 737,1338 902,1337 1067,1336 1232,1334 1398,1333 1563,1332 1728,1330 1893,1330 2058,1329 2224,1329 2389,1329 2554,1329 2719,1330 2884,1332 3050,1334 3215,1338 3380,1342 3545,1346 3710,1352 3876,1359 3876,1244 3710,1237 3545,1231 3380,1227 3215,1223 3050,1219 2884,1217 2719,1215 2554,1214 2389,1214 2224,1214 2058,1214 1893,1215 1728,1215 1563,1217 1398,1218 1232,1219 1067,1221 902,1222 737,1223 572,1225"/>
                <Baseline points="572,1302 737,1300 902,1299 1067,1298 1232,1296 1398,1295 1563,1294 1728,1292 1893,1292 2058,1291 2224,1291 2389,1291 2554,1291 2719,1292 2884,1294 3050,1296 3215,1300 3380,1304 3545,1308 3710,1314 3876,1321"/>
                <TextEquiv>
                    <Unicode>berg herauszuheben. Schwierige Passage auf schmalem schlüpf„</Unicode>
                </TextEquiv>
            </TextLine>
            <TextLine id="r1l7" custom="readingOrder {index:7;}">
                <Coords points="598,1522 757,1520 916,1519 1075,1517 1234,1516 1394,1515 1553,1514 1712,1513 1871,1512 2030,1511 2190,1510 2349,1510 2508,1509 2667,1509 2826,1508 2986,1507 3145,1506 3304,1505 3463,1504 3622,1503 3782,1502 3782,1387 3622,1388 3463,1389 3304,1390 3145,1391 2986,1392 2826,1393 2667,1394 2508,1394 2349,1395 2190,1395 2030,1396 1871,1397 1712,1398 1553,1399 1394,1400 1234,1401 1075,1402 916,1404 757,1405 598,1407"/>
                <Baseline points="598,1484 757,1482 916,1481 1075,1479 1234,1478 1394,1477 1553,1476 1712,1475 1871,1474 2030,1473 2190,1472 2349,1472 2508,1471 2667,1471 2826,1470 2986,1469 3145,1468 3304,1467 3463,1466 3622,1465 3782,1464"/>
                <TextEquiv>
                    <Unicode>rigem Baum über das ziemlich reichliche Wasser. Weiß</Unicode>
                </TextEquiv>
            </TextLine>
            <TextLine id="r1l8" custom="readingOrder {index:8;}">
                <Coords points="603,1687 766,1685 929,1683 1093,1682 1256,1680 1420,1678 1583,1676 1746,1675 1910,1674 2073,1673 2237,1672 2400,1671 2563,1671 2727,1671 2890,1671 3054,1672 3217,1673 3380,1674 3544,1676 3707,1678 3871,1681 3871,1566 3707,1563 3544,1561 3380,1559 3217,1558 3054,1557 2890,1556 2727,1556 2563,1556 2400,1556 2237,1557 2073,1558 1910,1559 1746,1560 1583,1561 1420,1563 1256,1565 1093,1567 929,1568 766,1570 603,1572"/>
                <Baseline points="603,1649 766,1647 929,1645 1093,1644 1256,1642 1420,1640 1583,1638 1746,1637 1910,1636 2073,1635 2237,1634 2400,1633 2563,1633 2727,1633 2890,1633 3054,1634 3217,1635 3380,1636 3544,1638 3707,1640 3871,1643"/>
                <TextEquiv>
                    <Unicode>der Himmel, wie die Leute die Lasten hinübergebracht</Unicode>
                </TextEquiv>
            </TextLine>
            <TextLine id="r1l9" custom="readingOrder {index:9;}">
                <Coords points="626,1873 782,1873 938,1872 1095,1871 1251,1868 1407,1866 1564,1862 1720,1859 1876,1856 2033,1854 2189,1851 2345,1850 2502,1849 2658,1849 2814,1851 2971,1853 3127,1858 3283,1864 3440,1872 3596,1882 3753,1894 3753,1779 3596,1767 3440,1757 3283,1749 3127,1743 2971,1738 2814,1736 2658,1734 2502,1734 2345,1735 2189,1736 2033,1739 1876,1741 1720,1744 1564,1747 1407,1751 1251,1753 1095,1756 938,1757 782,1758 626,1758"/>
                <Baseline points="626,1835 782,1835 938,1834 1095,1833 1251,1830 1407,1828 1564,1824 1720,1821 1876,1818 2033,1816 2189,1813 2345,1812 2502,1811 2658,1811 2814,1813 2971,1815 3127,1820 3283,1826 3440,1834 3596,1844 3753,1856"/>
                <TextEquiv>
                    <Unicode>haben! Über eine Anhöhe mit sehr dichtem Busch nach</Unicode>
                </TextEquiv>
            </TextLine>
            <TextLine id="r1l10" custom="readingOrder {index:10;}">
                <Coords points="641,2060 803,2056 966,2054 1129,2051 1292,2048 1455,2046 1617,2043 1780,2042 1943,2040 2106,2039 2269,2038 2431,2037 2594,2037 2757,2038 2920,2039 3083,2041 3245,2043 3408,2046 3571,2050 3734,2054 3897,2059 3897,1945 3734,1940 3571,1936 3408,1932 3245,1929 3083,1927 2920,1925 2757,1924 2594,1923 2431,1923 2269,1924 2106,1925 1943,1926 1780,1928 1617,1929 1455,1932 1292,1934 1129,1937 966,1940 803,1942 641,1946"/>
                <Baseline points="641,2022 803,2018 966,2016 1129,2013 1292,2010 1455,2008 1617,2005 1780,2004 1943,2002 2106,2001 2269,2000 2431,1999 2594,1999 2757,2000 2920,2001 3083,2003 3245,2005 3408,2008 3571,2012 3734,2016 3897,2021"/>
                <TextEquiv>
                    <Unicode>Hangambale am Rande der Grassteppe zwischen Lilimbe</Unicode>
                </TextEquiv>
            </TextLine>
            <TextLine id="r1l11" custom="readingOrder {index:11;}">
                <Coords points="673,2218 816,2215 959,2213 1102,2210 1246,2207 1389,2204 1532,2202 1675,2199 1819,2197 1962,2195 2105,2193 2248,2192 2392,2192 2535,2191 2678,2192 2821,2194 2965,2196 3108,2199 3251,2203 3394,2208 3538,2214 3538,2100 3394,2094 3251,2089 3108,2085 2965,2082 2821,2080 2678,2078 2535,2077 2392,2078 2248,2078 2105,2079 1962,2081 1819,2083 1675,2085 1532,2088 1389,2090 1246,2093 1102,2096 959,2099 816,2101 673,2104"/>
                <Baseline points="673,2180 816,2177 959,2175 1102,2172 1246,2169 1389,2166 1532,2164 1675,2161 1819,2159 1962,2157 2105,2155 2248,2154 2392,2154 2535,2153 2678,2154 2821,2156 2965,2158 3108,2161 3251,2165 3394,2170 3538,2176"/>
                <TextEquiv>
                    <Unicode>u. Mambi. Da hübsches Plätzchen, schlug ich Lager auf.</Unicode>
                </TextEquiv>
            </TextLine>
            <TextLine id="r1l12" custom="readingOrder {index:12;}">
                <Coords points="800,2377 954,2380 1109,2383 1263,2383 1418,2383 1573,2382 1727,2380 1882,2377 2037,2375 2191,2372 2346,2368 2501,2365 2655,2362 2810,2359 2965,2356 3119,2355 3274,2354 3429,2354 3583,2355 3738,2357 3893,2362 3893,2253 3738,2248 3583,2246 3429,2245 3274,2245 3119,2246 2965,2247 2810,2250 2655,2253 2501,2256 2346,2259 2191,2263 2037,2266 1882,2268 1727,2271 1573,2273 1418,2274 1263,2274 1109,2274 954,2271 800,2268"/>
                <Baseline points="800,2341 954,2344 1109,2347 1263,2347 1418,2347 1573,2346 1727,2344 1882,2341 2037,2339 2191,2336 2346,2332 2501,2329 2655,2326 2810,2323 2965,2320 3119,2319 3274,2318 3429,2318 3583,2319 3738,2321 3893,2326"/>
                <TextEquiv>
                    <Unicode>Um 1 kommt Einer angestürzt: Barappi-Herde. Hinein</Unicode>
                </TextEquiv>
            </TextLine>
            <TextLine id="r1l13" custom="readingOrder {index:13;}">
                <Coords points="601,2550 763,2544 925,2540 1087,2536 1249,2533 1411,2531 1573,2529 1735,2528 1897,2528 2059,2528 2221,2528 2383,2528 2545,2529 2707,2530 2869,2531 3031,2532 3193,2533 3355,2534 3517,2535 3679,2536 3842,2536 3842,2427 3679,2427 3517,2426 3355,2425 3193,2424 3031,2423 2869,2422 2707,2421 2545,2420 2383,2419 2221,2419 2059,2419 1897,2419 1735,2419 1573,2420 1411,2422 1249,2424 1087,2427 925,2431 763,2435 601,2441"/>
                <Baseline points="601,2514 763,2508 925,2504 1087,2500 1249,2497 1411,2495 1573,2493 1735,2492 1897,2492 2059,2492 2221,2492 2383,2492 2545,2493 2707,2494 2869,2495 3031,2496 3193,2497 3355,2498 3517,2499 3679,2500 3842,2500"/>
                <TextEquiv>
                    <Unicode>in die Glut, über Lilimbe in hohes Gras. Vom Waldrande</Unicode>
                </TextEquiv>
            </TextLine>
            <TextLine id="r1l14" custom="readingOrder {index:14;}">
                <Coords points="578,2718 742,2716 907,2713 1071,2711 1236,2708 1401,2706 1565,2703 1730,2700 1895,2698 2059,2696 2224,2694 2389,2692 2553,2691 2718,2690 2883,2689 3047,2689 3212,2689 3377,2690 3541,2692 3706,2694 3871,2697 3871,2582 3706,2579 3541,2577 3377,2575 3212,2574 3047,2574 2883,2574 2718,2575 2553,2576 2389,2577 2224,2579 2059,2581 1895,2583 1730,2585 1565,2588 1401,2591 1236,2593 1071,2596 907,2598 742,2601 578,2603"/>
                <Baseline points="578,2680 742,2678 907,2675 1071,2673 1236,2670 1401,2668 1565,2665 1730,2662 1895,2660 2059,2658 2224,2656 2389,2654 2553,2653 2718,2652 2883,2651 3047,2651 3212,2651 3377,2652 3541,2654 3706,2656 3871,2659"/>
                <TextEquiv>
                    <Unicode>hatten wir die Tiere stehen sehen, jetzt konnte sie d. Führer</Unicode>
                </TextEquiv>
            </TextLine>
            <TextLine id="r1l15" custom="readingOrder {index:15;}">
                <Coords points="568,2888 732,2884 896,2881 1060,2877 1224,2875 1388,2873 1552,2871 1717,2869 1881,2868 2045,2867 2209,2866 2373,2866 2537,2865 2701,2864 2866,2864 3030,2863 3194,2863 3358,2862 3522,2861 3686,2860 3851,2859 3851,2744 3686,2745 3522,2746 3358,2747 3194,2748 3030,2748 2866,2749 2701,2749 2537,2750 2373,2751 2209,2751 2045,2752 1881,2753 1717,2754 1552,2756 1388,2758 1224,2760 1060,2762 896,2766 732,2769 568,2773"/>
                <Baseline points="568,2850 732,2846 896,2843 1060,2839 1224,2837 1388,2835 1552,2833 1717,2831 1881,2830 2045,2829 2209,2828 2373,2828 2537,2827 2701,2826 2866,2826 3030,2825 3194,2825 3358,2824 3522,2823 3686,2822 3851,2821"/>
                <TextEquiv>
                    <Unicode>kaum von einem Baum aus wieder finden. Ich schlich</Unicode>
                </TextEquiv>
            </TextLine>
            <TextLine id="r1l16" custom="readingOrder {index:16;}">
                <Coords points="571,3049 734,3052 897,3053 1060,3054 1223,3053 1386,3052 1549,3050 1712,3048 1875,3045 2038,3042 2201,3039 2364,3036 2527,3033 2690,3030 2853,3027 3016,3025 3179,3024 3342,3023 3505,3023 3668,3024 3832,3026 3832,2911 3668,2909 3505,2908 3342,2908 3179,2909 3016,2910 2853,2912 2690,2915 2527,2918 2364,2921 2201,2924 2038,2927 1875,2930 1712,2933 1549,2935 1386,2937 1223,2938 1060,2939 897,2938 734,2937 571,2934"/>
                <Baseline points="571,3011 734,3014 897,3015 1060,3016 1223,3015 1386,3014 1549,3012 1712,3010 1875,3007 2038,3004 2201,3001 2364,2998 2527,2995 2690,2992 2853,2989 3016,2987 3179,2986 3342,2985 3505,2985 3668,2986 3832,2988"/>
                <TextEquiv>
                    <Unicode>triefend heran, immer in Sorge sie würden abgehen. Nun</Unicode>
                </TextEquiv>
            </TextLine>
            <TextLine id="r1l17" custom="readingOrder {index:17;}">
                <Coords points="587,3220 750,3219 914,3218 1077,3217 1241,3215 1404,3213 1568,3211 1731,3208 1895,3206 2058,3203 2222,3201 2385,3199 2549,3197 2712,3195 2876,3194 3039,3193 3203,3193 3366,3194 3530,3195 3693,3196 3857,3199 3857,3084 3693,3081 3530,3080 3366,3079 3203,3078 3039,3078 2876,3079 2712,3080 2549,3082 2385,3084 2222,3086 2058,3088 1895,3091 1731,3093 1568,3096 1404,3098 1241,3100 1077,3102 914,3103 750,3104 587,3105"/>
                <Baseline points="587,3182 750,3181 914,3180 1077,3179 1241,3177 1404,3175 1568,3173 1731,3170 1895,3168 2058,3165 2222,3163 2385,3161 2549,3159 2712,3157 2876,3156 3039,3155 3203,3155 3366,3156 3530,3157 3693,3158 3857,3161"/>
                <TextEquiv>
                    <Unicode>sah ich einige, ging vorsichtig bis zu einem Baum vor u. schoß.</Unicode>
                </TextEquiv>
            </TextLine>
            <TextLine id="r1l18" custom="readingOrder {index:18;}">
                <Coords points="599,3372 763,3375 927,3377 1091,3378 1255,3377 1419,3376 1583,3374 1747,3370 1911,3367 2075,3363 2239,3359 2403,3355 2567,3350 2731,3346 2895,3343 3059,3339 3223,3337 3387,3335 3551,3334 3715,3335 3879,3336 3879,3222 3715,3221 3551,3220 3387,3221 3223,3223 3059,3225 2895,3229 2731,3232 2567,3236 2403,3241 2239,3245 2075,3249 1911,3253 1747,3256 1583,3260 1419,3262 1255,3263 1091,3264 927,3263 763,3261 599,3258"/>
                <Baseline points="599,3334 763,3337 927,3339 1091,3340 1255,3339 1419,3338 1583,3336 1747,3332 1911,3329 2075,3325 2239,3321 2403,3317 2567,3312 2731,3308 2895,3305 3059,3301 3223,3299 3387,3297 3551,3296 3715,3297 3879,3298"/>
                <TextEquiv>
                    <Unicode>Da sauste eine Herde von mindestens 40 Stück auf. Schoß</Unicode>
                </TextEquiv>
            </TextLine>
            <TextLine id="r1l19" custom="readingOrder {index:19;}">
                <Coords points="599,3553 759,3548 919,3543 1079,3538 1240,3532 1400,3527 1560,3522 1721,3516 1881,3511 2041,3506 2202,3502 2362,3498 2522,3495 2682,3492 2843,3490 3003,3489 3163,3489 3324,3490 3484,3492 3644,3495 3805,3500 3805,3385 3644,3380 3484,3377 3324,3375 3163,3374 3003,3374 2843,3375 2682,3377 2522,3380 2362,3383 2202,3387 2041,3391 1881,3396 1721,3401 1560,3407 1400,3412 1240,3417 1079,3423 919,3428 759,3433 599,3438"/>
                <Baseline points="599,3515 759,3510 919,3505 1079,3500 1240,3494 1400,3489 1560,3484 1721,3478 1881,3473 2041,3468 2202,3464 2362,3460 2522,3457 2682,3454 2843,3452 3003,3451 3163,3451 3324,3452 3484,3454 3644,3457 3805,3462"/>
                <TextEquiv>
                    <Unicode>noch mehrmals bei immer wachsender Entfernung</Unicode>
                </TextEquiv>
            </TextLine>
            <TextLine id="r1l20" custom="readingOrder {index:20;}">
                <Coords points="617,3721 781,3721 946,3720 1110,3718 1275,3714 1440,3710 1604,3705 1769,3700 1933,3694 2098,3688 2263,3683 2427,3677 2592,3672 2756,3668 2921,3664 3086,3662 3250,3661 3415,3661 3579,3663 3744,3667 3909,3673 3909,3561 3744,3555 3579,3551 3415,3549 3250,3549 3086,3550 2921,3552 2756,3556 2592,3560 2427,3565 2263,3571 2098,3576 1933,3582 1769,3588 1604,3593 1440,3598 1275,3602 1110,3606 946,3608 781,3609 617,3609"/>
                <Baseline points="617,3684 781,3684 946,3683 1110,3681 1275,3677 1440,3673 1604,3668 1769,3663 1933,3657 2098,3651 2263,3646 2427,3640 2592,3635 2756,3631 2921,3627 3086,3625 3250,3624 3415,3624 3579,3626 3744,3630 3909,3636"/>
                <TextEquiv>
                    <Unicode>u. bemerkte, daß ich diese schon das erste Mal weit unter„</Unicode>
                </TextEquiv>
            </TextLine>
            <TextLine id="r1l21" custom="readingOrder {index:21;}">
                <Coords points="587,3886 742,3879 897,3874 1052,3868 1207,3862 1362,3857 1517,3852 1672,3847 1827,3842 1982,3838 2137,3834 2292,3830 2447,3826 2602,3823 2757,3820 2912,3816 3067,3814 3222,3811 3377,3808 3532,3806 3687,3803 3687,3691 3532,3694 3377,3696 3222,3699 3067,3702 2912,3704 2757,3708 2602,3711 2447,3714 2292,3718 2137,3722 1982,3726 1827,3730 1672,3735 1517,3740 1362,3745 1207,3750 1052,3756 897,3762 742,3767 587,3774"/>
                <Baseline points="587,3849 742,3842 897,3837 1052,3831 1207,3825 1362,3820 1517,3815 1672,3810 1827,3805 1982,3801 2137,3797 2292,3793 2447,3789 2602,3786 2757,3783 2912,3779 3067,3777 3222,3774 3377,3771 3532,3769 3687,3766"/>
                <TextEquiv>
                    <Unicode>schätzt habe. Vermutlich ist keine Kugel hingelangt, zu</Unicode>
                </TextEquiv>
            </TextLine>
            <TextLine id="r1l22" custom="readingOrder {index:22;}">
                <Coords points="600,4057 761,4052 923,4047 1085,4042 1247,4036 1408,4030 1570,4024 1732,4017 1894,4012 2055,4005 2217,4000 2379,3994 2541,3988 2702,3984 2864,3979 3026,3976 3188,3973 3349,3971 3511,3969 3673,3969 3835,3970 3835,3855 3673,3854 3511,3854 3349,3856 3188,3858 3026,3861 2864,3864 2702,3869 2541,3873 2379,3879 2217,3885 2055,3890 1894,3897 1732,3902 1570,3909 1408,3915 1247,3921 1085,3927 923,3932 761,3937 600,3942"/>
                <Baseline points="600,4019 761,4014 923,4009 1085,4004 1247,3998 1408,3992 1570,3986 1732,3979 1894,3974 2055,3967 2217,3962 2379,3956 2541,3950 2702,3946 2864,3941 3026,3938 3188,3935 3349,3933 3511,3931 3673,3931 3835,3932"/>
                <TextEquiv>
                    <Unicode>meiner Freude fanden wir auch kein Blut, nachdem die</Unicode>
                </TextEquiv>
            </TextLine>
            <TextLine id="r1l23" custom="readingOrder {index:23;}">
                <Coords points="660,4235 817,4231 975,4225 1132,4219 1290,4213 1447,4206 1605,4200 1762,4193 1920,4186 2077,4179 2235,4173 2392,4167 2550,4163 2707,4158 2865,4154 3022,4151 3180,4149 3337,4148 3495,4148 3652,4150 3810,4154 3810,4042 3652,4038 3495,4036 3337,4036 3180,4037 3022,4039 2865,4042 2707,4046 2550,4051 2392,4055 2235,4061 2077,4067 1920,4074 1762,4081 1605,4088 1447,4094 1290,4101 1132,4107 975,4113 817,4119 660,4123"/>
                <Baseline points="660,4198 817,4194 975,4188 1132,4182 1290,4176 1447,4169 1605,4163 1762,4156 1920,4149 2077,4142 2235,4136 2392,4130 2550,4126 2707,4121 2865,4117 3022,4114 3180,4112 3337,4111 3495,4111 3652,4113 3810,4117"/>
                <TextEquiv>
                    <Unicode>Tiere immer wieder stehen geblieben waren u. endlich</Unicode>
                </TextEquiv>
            </TextLine>
            <TextLine id="r1l24" custom="readingOrder {index:24;}">
                <Coords points="651,4389 815,4383 980,4378 1144,4373 1309,4368 1473,4364 1638,4360 1802,4356 1967,4353 2131,4349 2296,4346 2460,4343 2625,4339 2789,4336 2954,4333 3118,4329 3283,4325 3447,4322 3612,4318 3776,4313 3941,4309 3941,4197 3776,4201 3612,4206 3447,4210 3283,4213 3118,4217 2954,4221 2789,4224 2625,4227 2460,4231 2296,4234 2131,4237 1967,4241 1802,4244 1638,4248 1473,4252 1309,4256 1144,4261 980,4266 815,4271 651,4277"/>
                <Baseline points="651,4352 815,4346 980,4341 1144,4336 1309,4331 1473,4327 1638,4323 1802,4319 1967,4316 2131,4312 2296,4309 2460,4306 2625,4302 2789,4299 2954,4296 3118,4292 3283,4288 3447,4285 3612,4281 3776,4276 3941,4272"/>
                <TextEquiv>
                    <Unicode>in langen Sätzen abgingen. Meist sah man nur die schönen</Unicode>
                </TextEquiv>
            </TextLine>
            <TextLine id="r1l25" custom="readingOrder {index:25;}">
                <Coords points="618,4550 643,4546 668,4544 693,4542 719,4539 744,4537 769,4535 794,4534 820,4532 845,4531 870,4530 895,4530 921,4529 946,4530 971,4530 996,4531 1022,4532 1022,4445 996,4444 971,4443 946,4443 921,4442 895,4443 870,4443 845,4444 820,4445 794,4447 769,4448 744,4450 719,4452 693,4455 668,4457 643,4459 618,4463"/>
                <Baseline points="618,4521 643,4517 668,4515 693,4513 719,4510 744,4508 769,4506 794,4505 820,4503 845,4502 870,4501 895,4501 921,4500 946,4501 971,4501 996,4502 1022,4503"/>
                <TextEquiv>
                    <Unicode>Köpfe.</Unicode>
                </TextEquiv>
            </TextLine>
            <TextLine id="r1l26" custom="readingOrder {index:26;}">
                <Coords points="859,4653 1006,4647 1154,4642 1302,4636 1449,4631 1597,4627 1745,4622 1892,4617 2040,4613 2188,4609 2336,4605 2483,4601 2631,4598 2779,4594 2926,4591 3074,4588 3222,4585 3369,4582 3517,4579 3665,4576 3813,4574 3813,4487 3665,4489 3517,4492 3369,4495 3222,4498 3074,4501 2926,4504 2779,4507 2631,4511 2483,4514 2336,4518 2188,4522 2040,4526 1892,4530 1745,4535 1597,4540 1449,4544 1302,4549 1154,4555 1006,4560 859,4566"/>
                <Baseline points="859,4624 1006,4618 1154,4613 1302,4607 1449,4602 1597,4598 1745,4593 1892,4588 2040,4584 2188,4580 2336,4576 2483,4572 2631,4569 2779,4565 2926,4562 3074,4559 3222,4556 3369,4553 3517,4550 3665,4547 3813,4545"/>
                <TextEquiv>
                    <Unicode>Abends plauderten wir vor'm Zelt, da sehe ich plötzlich</Unicode>
                </TextEquiv>
            </TextLine>
            <TextLine id="r1l27" custom="readingOrder {index:27;}">
                <Coords points="635,4801 796,4799 957,4797 1119,4794 1280,4792 1442,4790 1603,4787 1764,4785 1926,4783 2087,4781 2249,4779 2410,4776 2571,4774 2733,4772 2894,4771 3056,4769 3217,4768 3378,4766 3540,4765 3701,4764 3863,4763 3863,4651 3701,4652 3540,4653 3378,4654 3217,4656 3056,4657 2894,4659 2733,4660 2571,4662 2410,4664 2249,4667 2087,4669 1926,4671 1764,4673 1603,4675 1442,4678 1280,4680 1119,4682 957,4685 796,4687 635,4689"/>
                <Baseline points="635,4764 796,4762 957,4760 1119,4757 1280,4755 1442,4753 1603,4750 1764,4748 1926,4746 2087,4744 2249,4742 2410,4739 2571,4737 2733,4735 2894,4734 3056,4732 3217,4731 3378,4729 3540,4728 3701,4727 3863,4726"/>
                <TextEquiv>
                    <Unicode>eine Herde schwarzer Tiere vorn durch die Steppe ziehen; es</Unicode>
                </TextEquiv>
            </TextLine>
            <TextEquiv>
                <Unicode>98&#xD;
Angenehmes, niederes Gras. Im Unendlichen verloren 2 Leute,&#xD;
welche Kräuter suchten. In der Mitte des Talbodens nahe &#xD;
dem Lilimbe unabgebrannte hohe Grasstengel, die ein&#xD;
Überschreiten der Fläche verhinderten. Nach NO schien sich aus&#xD;
der gleich bleibenden Ebene der Kipini wie ein Insel„&#xD;
berg herauszuheben. Schwierige Passage auf schmalem schlüpf„&#xD;
rigem Baum über das ziemlich reichliche Wasser. Weiß&#xD;
der Himmel, wie die Leute die Lasten hinübergebracht&#xD;
haben! Über eine Anhöhe mit sehr dichtem Busch nach&#xD;
Hangambale am Rande der Grassteppe zwischen Lilimbe&#xD;
u. Mambi. Da hübsches Plätzchen, schlug ich Lager auf.&#xD;
Um 1 kommt Einer angestürzt: Barappi-Herde. Hinein&#xD;
in die Glut, über Lilimbe in hohes Gras. Vom Waldrande&#xD;
hatten wir die Tiere stehen sehen, jetzt konnte sie d. Führer&#xD;
kaum von einem Baum aus wieder finden. Ich schlich&#xD;
triefend heran, immer in Sorge sie würden abgehen. Nun&#xD;
sah ich einige, ging vorsichtig bis zu einem Baum vor u. schoß.&#xD;
Da sauste eine Herde von mindestens 40 Stück auf. Schoß&#xD;
noch mehrmals bei immer wachsender Entfernung&#xD;
u. bemerkte, daß ich diese schon das erste Mal weit unter„&#xD;
schätzt habe. Vermutlich ist keine Kugel hingelangt, zu&#xD;
meiner Freude fanden wir auch kein Blut, nachdem die&#xD;
Tiere immer wieder stehen geblieben waren u. endlich&#xD;
in langen Sätzen abgingen. Meist sah man nur die schönen&#xD;
Köpfe.&#xD;
Abends plauderten wir vor'm Zelt, da sehe ich plötzlich&#xD;
eine Herde schwarzer Tiere vorn durch die Steppe ziehen; es</Unicode>
            </TextEquiv>
        </TextRegion>
    </Page>
</PcGts>
