4292 5213
3876 270 3958 320 5
432 328 4036 461 die Maimbwi-Gegend u. d.Lipugiro-Hügel nach Spuren
458 463 3926 624 abzusuchen. Ergebnis trostlos trotz meist niedrigen Gras„
444 654 943 778 wuchses.
721 762 3802 923 Gegen Abend 2 starke Regengüsse. Post beendigt.
547 947 3869 1127 Sonntag d. 8 Mai: Da der für heut beabsichtigte Pürsch„
515 1105 3809 1327 gang schon gestern erledigt wurde, Sonntagsruhe,
502 1278 3796 1508 d.h. nachdem die Post abgegangen. Ali geht auch mit,
499 1444 3878 1655 um aus Lindi eine Frau zu holen. Janensch am
447 1610 3661 1841 Maimbwi mit gleichem negativen Resultat.
620 1762 3859 2000 Ich gemalt, Aquarell von Amani beendet. Wenn
482 1936 3714 2189 auch manches noch mißfällt u. über meine
471 2056 3986 2361 Kräfte geht, freut's mich doch ein paar bleibende
473 2247 3441 2524 persönliche Andenken festhalten zu können.
705 2412 4069 2671 Eine große Hyäne ist nachts dicht am Lager gewesen.
812 2627 3802 2846 9 Mai: Morgens rings um den Tendaguru u.
581 2741 3836 2976 nach Kindope. Auch hier keine Spuren. Hörte ein
570 2891 3968 3157 Mbawalla in großer Nähe, ohne im Grase etwas sehen
610 3044 3943 3296 zu können. Heut mit über 200 Mann gearbeitet,
588 3206 3857 3453 Weiter-Einstellungen einstweilen gestoppt, da noch
598 3368 3859 3618 Wayao u. Wangoni im Anzuge. Neuer Graben am
601 3549 4007 3771 bisherigen Lagerplatz (nach W.) begonnen, kleine Wirbel„
619 3763 2189 3930 körper u. Rippen darin.
865 3901 3961 4108 Von dem Finder der Knochen im Lukuledi-Tal er„
586 4043 3925 4274 fahren, daß die Stelle 3 Std. von Mroweka in einer
536 4242 2554 4437 Eingeborenen-Schamba liege.
771 4358 3757 4581 Abends mit Janensch am neuen Dorflager.
630 4531 3787 4731 Vormittags wieder aufklärend u. neue Trockenheits„
587 4679 2908 4856 periode einleitend. Neumond!
