4292 5213
301 353 414 403 84
1753 466 2443 531 1911
1426 723 1998 860 Neujahr!
633 911 3980 1068 Es soll mich wieder zu den Meinigen bringen, wenn
650 1064 3739 1230 auch der Zeitpunkt neuerdings wieder so ungewiß,
652 1216 3991 1371 wie in den Grenzen eines Jahres möglich, geworden
701 1370 3805 1522 ist. Möge ich Alle in Gesundheit antreffen. Meine Haupt„
683 1517 3941 1679 sorge gilt nach wie vor Mama, die obwohl der Schonung
692 1656 3799 1840 wohl bedürftig, neben dem unausgesetzten Kleindienst
708 1821 3820 2004 der Hausfrau die Qual u. Fesselung durch Großmamas
697 1976 3785 2149 bedauernswerten Zustand zu erfahren hat. Für mich
675 2149 3844 2306 wird nun die Frage des weiteren Berufes ernstlich
689 2296 3621 2455 brennend,wenn ich nicht mein Leben in der
676 2445 3717 2609 natürlichen Weise erweitern u. ausbauen will.
677 2571 3661 2774 Die Expedition war mir ein willkommenes
632 2701 3580 2931 Sprungbrett, hoffentlich wächst sie sich nicht zum
676 2894 3692 3085 Hindernis aus. Meine Abenteuerlust ist für den
709 3034 3772 3248 Augenblick gestillt, womit nicht gesagt ist, daß ich
707 3188 3693 3407 nicht morgen wieder Hunger habe. Ich habe Zeit
701 3370 3925 3581 gehabt das Gesehene gründlich kennen zu lernen u. auf„
741 3542 3953 3751 zunehmen, da senkt sich dann das Schwergewicht wieder
745 3721 3959 3917 nach der Heimat. Hoffentlich darf ich ihm ganz nachgeben.
714 3933 3879 4106 Hier wird es freilich ein Abschiednehmen auf Nimmer„
708 4093 3828 4268 wiedersehen gelten u. ich glaube, ich kann schon jetzt
708 4291 2318 4433 ermessen, was das heißt.
1003 4458 3676 4635 Sonntag d. 1. Januar 1911: Letzte Besprechungen u.
684 4657 3023 4803 Vorbereitungen vor Janensch's Abmarsch.
