4292 5214
3735 258 3843 308 11
483 295 3931 414 An einer neuen Stelle nahe der Barrabarra kommt
467 424 3998 574 eine Fülle brauchbarer Knochen zum Vorschein. Abends noch„
455 567 3962 731 mals mit Janensch dort, der erstaunlicherweise mehr
491 742 3996 913 „Zeit“ hat, wenn die Arbeiter nicht da sind. Die ganze
442 903 3877 1125 Beaufsichtigung habe ich in diesen Tag fast allein in
492 1088 4003 1297 die Hände genommen, kann aber natürlich höchstens
490 1279 2479 1493 zu jeden Graben 1 mal gehen.
687 1549 3707 1673 Komet u. Sternenhimmel vor Mondaufgang
527 1701 3726 1866 wunderbar klar u. hell. Bei Tag mehrfach Regen.
700 1866 3993 2040 27. Mai: Kann, wie erwartet, auch diesmal nicht
471 2043 3917 2226 nach Niongala, da Janensch noch immer rechnet u.
488 2225 3975 2413 zweifellos bis zur äußersten Stunde des Postabgangs
489 2398 3943 2592 rechnen wird. Zum Lohntag muß ich auf alle Fälle
473 2563 3981 2753 hier sein. J. wollte in diesem Jahre uns mehr Jagd„
504 2760 4001 2962 ausflüge gönnen, nachdem er am Ngerengere Geschmack
516 2946 4039 3144 daran gefunden hat, auch öfters nach Lindi kommen.
517 3126 3977 3323 Bei der vervielfachten Arbeit dieses Jahres wird wohl
546 3350 3877 3468 der Weg vom Wollen zum Ausführen nicht kürzer
485 3523 3973 3715 sein. Inzwischen geht uns wahrscheinlich diese günstige
546 3719 2432 3885 Gelegenheit bereits verloren.
752 3842 3869 4078 28 Mai: Poscho-Zahlung. Mußte beim Abrechnen helfen u.
602 4024 3939 4226 blamierte mich durch heftiges Verrechnen gehörig. Und dennoch!
559 4192 3820 4418 Sonntag 29. Mai: Ruhetag im Lager. Aquarell u. Oel-Pinselei.
619 4434 1685 4615 Nachm. etwas Regen.
