4292 5213
273 220 378 377 80
507 350 4015 476 fand Hrn. Schultze schon vor. Jan. sollte erst nachm. kommen.
473 478 3769 632 Auf Hrn. Sch's Wunsch warteten wir nicht auf d. frische
476 652 3798 815 Fleisch, sondern bestellten schnell etwas zu essen. Gleich
506 775 3817 947 darauf kam Janensch m. einem Puduka u. bestellte
508 927 3903 1107 - dem Gaste zu Ehren aber kaum nach Wunsch - anderes
495 1098 3803 1259 Essen, dann badete er in aller Gemütsruhe, obwohl ich
535 1245 3945 1429 ihm Mitteilung gemacht hatte, u. statt um ½ 12 setzten
588 1407 3855 1578 wir uns erst nach 1 zu Tisch. Janensch meint, er wäre
558 1547 3783 1717 nervös, ich kann nur diese fabelhafte Ruhe u. Lang„
551 1705 1706 1874 samkeit bestaunen.
766 1804 3715 1992 22 Dez. Hr. Sch. marschiert um 4 Uhr früh ab nach Lindi, um
572 1953 3804 2098 zum Dampfer wieder da zu sein, ich meine er hat schöne,
580 2080 3821 2250 auch für uns ungewöhnlich schöne Tage hier gehabt. Be„
552 2201 3813 2402 gleitete ihn eine Strecke im Mondschein u. erwartete im
564 2331 3887 2547 Liegestuhl das Erwachen des Tages, während Jan. sich wieder
562 2465 3732 2676 zu Bett gelegt hatte. D. Kunst des Frühaufstehens ist ihm
555 2615 3608 2824 noch nicht aufgegangen, selbst in Afrika, wo sie fast
526 2811 3845 2997 Notwehr ist. Wir sind nun wieder allein u. müssen uns
554 2961 3067 3137 auch noch ein bissel sammeln zum Abschluß.
729 3192 4005 3351 24. Dez. Poscho. „Heilig“-Abend: Nun flammt's in deutschen Landen!
520 3344 3762 3502 Wir können nur heimwärts denken. Brief an Mama über
540 3452 3664 3644 die von Branca letzthin angekündigte, uns völlig u. nicht
554 3593 3749 3790 ganz angenehm überraschende Verlängerung der Expedition
553 3768 3745 3945 um ein weiteres Jahr, an dem ich jedoch hoffentlich nicht
573 3964 3729 4091 mehr teilnehme. Unter allen Gründen ist der unausge„
573 4106 3802 4266 sprochene vielleicht der wesentlichste, nämlich daß ich  we„
581 4245 3777 4420 nigstens Mädchen kennen lernen will, um in nicht all„
615 4406 3731 4593 zu ferner Zeit zu einer Wahl - hoffentlich kein „Wählen“,
587 4569 3697 4752 sondern ein Fortgerissenwerden! - schreiten zu können.
600 4785 3833 4881 Nächste Weihnachten werde ich ohnehin noch ein Einsamer sein.
764 4893 3449 4984 Abend nach heftigem Regen große Schwärme fliegender Termiten.
