4292 5213
227 317 347 386 70
523 275 3868 438 17. Nov. „Erst“ um ¾ 5 aufgestanden, da ich heut nicht jagen wollte, um
443 419 3658 616 frühzeitig bei d. Gräben zu sein. Aber beim Waschen kommt die
420 582 3652 783 Meldung einer unweit vorbei ziehenden Büffelherde. Hätte ich
457 735 3812 930 geahnt, wie nahe sie waren, hätte ich mich wohl noch mehr beeilt.
457 911 3712 1124 Auf der II. Stufe durch schön gelichteten Wald am Plateaurand hin
459 1074 3766 1268 vorsichtig hinterher; soweit möglich, suchte ich stets nach Bäumen
483 1240 3865 1428 für die Defensive. In ein schönes Tal, das zum Mbenkuru hinaus
467 1398 3723 1601 sich öffnete, schienen sie hinabgestiegen zu sein. Um vollen
492 1556 3844 1793 Überblick zu gewinnen u. geschützter zu sein, gingen wir oben
479 1739 3839 1960 am Rande hin. Dann am Mbenkuru selbst abgesucht; die Masse
447 1911 3735 2156 mächtiger Spuren war uns verloren gegangen. Wollte
476 2097 3756 2297 zu den Gräben, da trafen wir d. Spuren nochmals, die
501 2255 3616 2454 Tiere waren noch weiter stromauf gegangen, dann
460 2421 3769 2632 aber hinüber in's Dickicht getreten u. ich mußte unverrich„
442 2586 3733 2783 ter Sache abziehen. Bei den weit auseinander liegenden
423 2714 3302 2931 Gräben in großer Hitze; recht müde. Post erhalten.
602 2859 3708 3090 18. Nov: Morgens noch bei Mondschein fort, um etwas oberhalb
484 3019 3644 3248 am Mbenkuru etwas von d. 2 bis 3 Flußpferden, die da hausen, zu
475 3190 3734 3403 sehen u. evtl. nochmals Büffel zu sehen. Leider doch schon zu spät, das
451 3344 3781 3563 letzte Tier schien zwischen Büschen eben leise in's Wasser zu gleiten. Auf
468 3506 3478 3724 einen Buschbock ohne Erfolg geschossen, auch jenseits vergeblich
464 3658 3777 3875 gesucht. Zum Lager zurück, um ½ 8 nach Mtapaia, Route aufgenom„
475 3827 3554 4054 men, Gräben besichtigt. Am Zeltplatz wird mir dicht unter
451 4006 3576 4234 versteinerungsreichen Trig.-Schichten eine neue Fundstelle
444 4166 3584 4394 gezeigt, die mir sehr gute Hoffnungen auf ein Skelett in
420 4319 3693 4572 guter Erhaltung weckt. Mittags sofort in Angriff genommen.
578 4520 3685 4730 Um 3 über Liwengwa zurück zum Tendaguru. Route aufge„
420 4736 3646 4861 nommen, in der Nachm.-Temperatur u. bei d. Fliegenplage ein
