4292 5214
3726 228 3959 406 123
448 247 3202 487 Mit allen Trägern per Bahn nach Mikesse zurück
560 359 4023 615 Auch diesmal keine Post erhalten, aber wenigstens d. Auskunft,
455 506 3468 764 daß sie nach Lindi gegangen ist u. zurückbeordert ist.
579 709 1366 990 12 Apr. Briefe
585 829 3853 1128 13 „ Aquarelliert. Zum Bahnhof, um Sattler zu holen.
498 1039 3936 1219 Er kommt aber erst Mittag. Janenschs Aufsammlungen
553 1189 3780 1400 besichtigt, meist nur Gesteinsproben, auf die ich nicht so
547 1312 3968 1534 viel Gewicht legen kann wie er; nach meiner Erfahrung
562 1444 3237 1700 füllen sie die Museum als totes Material.
599 1581 3796 1896 14. Sattler fährt schon wieder ab. Safari vorbereitet.
569 1807 3783 2051 15. April. Vor einem vollen Monat hier angekommen.
540 1962 3046 2246 Um 10½ mit Bahn nach Ngerengere (22 Mann)
624 2143 3982 2423 Gegen Abend ein Stück der Barrabarra von Swate nach„
526 2322 4000 2589 gegangen, fand auch hier das v. Sattler östlicher entdeckte fossil„
497 2444 3114 2738 reiche Gestein, muß daher hier weiter ziehen.
411 2585 4034 2912 Ostersonntag d. 16. Apr: Morgens Bagamoyo-Straße bis zum
492 2746 3921 3104 Jäger Fungafunga, der auf beträchtlicher Anhöhe ½ Std. v. d. Bahn
489 2910 3969 3227 sehr hübsch wohnt. D. fossilreiche Gestein hier nicht gesehen, aber
515 3057 3760 3389 offenbar tiefer als die festen braunen Sandsteine, die in
530 3215 3812 3541 großen Platten den Fuß der Höhe (Plateau) bilden. Obere
495 3430 3995 3726 Hälfte besteht scheinbar nur aus Sand. Schöner Blick auf's
507 3580 3789 3895 Gneißgebiet u. Uluguru-Geb. mit d. weißen Steinhäuschen
514 3761 2411 4014 von Ngerengere im Vordergrunde.
735 3857 3987 4152 Zurück bis zur Bahnlinie, an dieser entlang bis zur Barrabarra
503 4041 4005 4264 von Swate. Bei 147,3 braune Sandsteine mit gröberen Gerölllagen
474 4175 4030 4419 (z.T. über faustgroße Gneißstücke); gleich darauf (47,4) plattiger, weicher
480 4320 3732 4589 Sandstein mit einzelnen härteren herauswitternden Lagen.
592 4470 3986 4690 Am Swateweg hatten 2 fundi's inzwischen reiches Material gesam„
436 4655 3937 4918 melt, das ich sichtete. Träger warteten in d. Nähe. Ein Weg führte
