4292 5213
3704 183 4036 424 101
437 242 3924 578 6.II. Weiter talab 2½ Std. bis Ndumbwe, stellenweise durch un„
471 475 4059 693 endlich malerische Bananen-Niederungen, ein echt tropisches
467 661 3908 887 Bild. Kurze Rast, dann über Ssudi-Kriek-Ende auf Plateau„
445 852 3955 1078 fläche aus roten Sanden, am andern Abstieg nach Mbuo zeigten
395 965 4028 1293 sich aber die Korallenbänke darin. Regen. Konnte in Mbuo nicht
403 1175 3788 1392 bleiben, da für Leute nichts zu essen trotz der duka,
407 1275 3815 1592 auf die ich mich verlassen hatte. Etwas gefrühstückt, über
426 1477 3757 1757 Mittag nach Mikindani; Strammer Marsch bis 1 Uhr. Die
418 1588 4008 1970 gleiche Fläche aus roten Sanden, in denen ich nur Verwitte„
421 1798 3752 2055 rung der tertiären Kalke erkennen kann, womit
460 2027 3859 2271 freilich noch längst nicht alle Fragen gelöst wären.
438 2099 3994 2419 Zelt am Zollschuppen aufgebaut. In der Usagara (Herr
426 2323 2990 2651 Baring) zu Tisch. Dampfer noch nicht da.
570 2479 3773 2844 7.II. Morgens um u. über den Berg hinter der
379 2671 3814 2986 Boma. Hier endlich die Mikindani-Schichten, aber
367 2837 3857 3192 sind diese freilich sehr mächtigen Kiese nicht Flußablage„
381 3026 2794 3342 rung? Material aus dem Kristallinen!
700 3141 3876 3446 Vorm. zu Fuß im N um die Bucht zur Pflanzung
437 3318 3767 3600 des Herrn Linder, wo ich mittag u. nachm. bleibe.
417 3492 3962 3750 Profil des 53 m. tiefen Brunnens erfahren (weit unter Meeres„
415 3692 3959 4002 spiegel. Hier ist die rote Erde ohne Zweifel Verwitterungs„
413 3845 3775 4137 rinde. Aber die Korallenkalke tertiär??? Nachm. mit
471 4013 3743 4337 Trolly zum Bau der Fabrik für Sisal-Entfaserung. Eine
535 4207 3795 4519 schwere aufziehend. Wolke trieb mich nach Mikindani
421 4340 2597 4700 zurück, aber der Regen kam nicht.
361 4555 4003 4964 Sah einen Mann mit vollendetem Zangen-Gebiß.
