4292 5213
3837 254 3982 318 85
504 290 4013 435 2. Jan. Janensch kommt natürlich morgens noch nicht fort, was
555 443 4037 605 diesmal erklärlich ist, da wirklich viel zu tun u. zu bedenken
553 587 3931 747 ist. Merkwürdig ist nur, daß er sich immer wieder über
547 731 4083 884 den Schlußtermin täuscht u. dann mit wirklichem Behagen
593 890 3965 1036 aufzuschieben scheint. Er läßt sich auch heut weder Zeitungs„
535 1037 3889 1216 lesen noch Nachm.-Schlaf entgehen u. muß im Augenblick
551 1218 3939 1384 der Abreise unsere beiden Affen photographieren, wäh„
549 1382 3790 1564 rend die Träger seit mittag darauf brennen in's
533 1551 3907 1718 Lager zu kommen. Heftiger Regen. Danach, etwa um
548 1721 3787 1902 4 ½ Uhr nachm. Abmarsch Janensch's über Kindope nach
544 1884 3919 2063 Kilwa-Seite, wo es Saurierlagerstätten zu suchen gilt.
524 2041 3891 2205 Ich begleite ihn bis Kindope, wo wir an d. Gräben u.
553 2199 3781 2335 Knochen Abschied nehmen; vielleicht sehen wir uns
538 2364 3944 2503 erst in Europa wieder. In Büchern gelesen käme mir
537 2531 3976 2671 ein solcher Abschied im Innern, wo Jeder auf ein paar
485 2686 3779 2835 Wochen wenigstens allein zurück bleibt, sicher sehr
504 2877 3902 2994 poetisch u. beneidenswert vor. Hier ist's so natürlich,
522 3051 3972 3191 u. allein bin ich nicht, wo ich jeden Schwarzen mei„
531 3210 2995 3358 ner Umgebung als eine Person kenne.
627 3383 4002 3506 3. Jan. Schönes Trockenheitswetter, auch in d Umgebung keine
437 3527 3827 3642 Niederschläge. Mir sehr zu paß, denn ich möchte möglichst
522 3662 3063 3805 bald fort, um Zeit für die Safari zu haben.
573 3833 3905 3978 Ein Gürteltier, Ein Schuppentier, das wir gestern bekamen,
514 3989 3656 4130 mit Aether u. Cyankali erstickt, was leider unerwünscht
525 4149 3125 4283 lange dauerte. Aber d. Zoologen wünschen es.
736 4356 3881 4502 4. Jan. Wieder völlig trocken, dabei auf d. Berge nicht
562 4528 2651 4675 heiß. Herrlich klare Fernsicht, frische Farben.
