4292 5213
291 237 571 411 150
459 373 3824 551 deren Gestein ich auch nicht annähernd zu deuten vermochte. Ich
471 458 3902 705 glaubte im ersten Augenblick an eine Labrador-Gneißart, an Verwer„
494 677 3973 861 fungsspiegel, Gypsgang u. alles mögliche ohne auch nur eine Wahr„
519 780 3863 997 scheinlichkeit ausmachen zu können. Mußte erst brennen lassen,
515 923 3971 1166 nachm. wieder kommen u. deshalb in möglichster Nähe Lager
512 1085 4021 1295 beziehen. Mein Führer brachte mich zu kleinen Ansiedelungen
483 1169 3887 1343 in weitem Trockental, in dem unterhalb die Pindiro-Quelle aus
484 1341 3801 1564 feuchtem Boden hervorging überraschenderweise eingehüllt in
506 1452 3967 1654 einen Tropenhochwald, der hinter dem von Usagara oder Usamb.
491 1585 3956 1771 an Majestät nicht zurücksteht, aber auf das ganz schmale Tälchen
456 1749 3930 1952 beschränkt ist, mächtige Lianen, Baumriesen, große Farne, alles groß„
437 1865 3820 2089 blättrige schweigende Einsamkeit. Ein Teil dieses Kleinods wart
465 2042 3891 2297 gefällt, um Mais zu pflanzen. Und in d. Nähe befindet sich eins
492 2175 3732 2393 der anscheinend ganz schematisch verteilten Waldreservate!
641 2347 3803 2554 Für d. Nachm. war es doch zu weit, so nahm ich mir für d.
482 2477 3916 2704 morgigen Sonntag nur d. Marsch bis Ruawa vor, wo ohnehin
527 2604 3746 2911 eine größere Reisbestellung von Janensch in Empfang zu
529 2826 3977 3014 nehmen u. zu bezahlen war u., wie ich erst später merkte, eine
560 2929 2735 3217 weite ganz unbesiedelte Strecke begann.
650 3066 3858 3407 Schoß Meerkatzen, die am hellen Tage in d. Bohnenfelder
547 3284 3900 3517 kamen; leider ringsum ein wüster Busch, recht eine Wohn„
509 3359 3884 3637 stätte für diese Wamachinga! Der Jumbe von Ruawa kam u.
552 3580 1904 3842 brachte Essen f. d. Träger.
717 3695 3780 4009 16.VII. Ging zunächst wieder an d. gestrige Fundstelle, doch
488 3865 3894 4194 hatte d. Feuer durchaus nicht gefaßt u. alle meine Bemühungen
513 4049 3914 4261 blieben - mir in d. hohen, dichten Gras unbegreiflich - gleich„
522 4217 3783 4457 falls erfolglos. Das Übrige bedeckte wildes Dickicht, so daß
515 4353 3716 4572 keinerlei Übersicht über Ausdehnung u. Nebengestein zu
546 4545 3898 4708 gewinnen war. Ich glaubte nun an Spateisengang, aber mit der
519 4645 4041 4903 selben Gewißheit wie an all das Andre! Auf Salzsäure keine Reaktion.
