4292 5213
3801 274 3910 324 89
491 359 3786 493 verschiedene Fundplätze von Fossilien besuchte u. aus d.
428 508 3630 665 sehr reichen Sammlungen unserer Leute aussuchte.
615 683 3851 861 Nachm. Zum Nyangi, wo eins Flußpferd tot nahe am
465 836 3925 1023 Ufer lag. Mit großen Schwierigkeiten den Kopf erbeu„
463 1019 3815 1203 tet, die Leute schnitten sich Striemen aus der Haut,
437 1193 3718 1395 schoß ein oder zwei Krokodile, die an dem Kiboko
473 1368 3687 1577 fraßen, bekam aber nur eins an Land. Ein
461 1516 3785 1778 greulicher Anblick, daß es eine Stunde lang weder
472 1708 3841 1961 mit Kugeln noch Keulenschlägen vollends getötet
492 1906 3925 2127 werden konnte; ein schönes großes Exemplar. Erzäh„
458 2088 3977 2331 lungen der Leute von Elen-Antilopen, Löwen, Men„
485 2281 3141 2516 schen, die von Kokodilen geholt seien.
586 2472 3881 2711 14.I: Früh über Makumba in's Pindiro-Tal, fand
493 2664 3947 2908 erfreulicherweise die Stelle wieder, wo ich vor'm
535 2874 3825 3088 Jahr gefaltete u. aufgerichtete Kalkschiefer gesehen hatte.
482 3082 3933 3277 Leider keine Fossilien, aber eine interessante Stelle.
504 3285 3983 3453 Dann nach Runju-Mikonyera-Nambunju auf fürchterlichen
480 3447 3676 3648 Wegen durch Bambus u. dichten Busch. Zu meinem
454 3595 3838 3852 Erstaunen plötzlich wieder in Beyschlagi-Schichten. Die
506 3768 3771 3988 wenigen mäßigen Aufschlüsse an d. verwaschenen u. ver„
515 3932 3709 4148 wachsenen Hängen gaben nicht genügend Übersicht. Nach
516 4064 3805 4322 d. Fossilien muß ich aber anscheinend mit Verwerfungen
553 4235 3761 4471 operieren, da Bornhardti u. Beyschlagi in fast gleicher
518 4408 3807 4633 Höhe. Von Saurierschichten nichts rechtes zu sehen. Hoffte
548 4568 3833 4805 noch viel näher am Ruawa-Plateau zu bleiben, aber
532 4722 3569 4953 Übersicht nirgends möglich, Karte leer, Führer dämlich.
