4292 5213
259 261 480 416 110
446 285 3964 519 3.III. früh von Kilwa fort, bei dunstigem, dann stellen„
520 459 3988 740 weis regnerischem Wetter durch den Mafia-Kanal,
524 582 3883 852 viele Korallenriffe, gewundener Weg. Nachm. vor
514 776 3839 1081 Rufiyi-Delta gelegen, bis die Flut uns über die
561 932 3941 1249 Barre ließ. Erst kurz vor der Einfahrt in d. Fluß
533 1119 3932 1409 erblickte man die Öffnung im Ufer. Der Dampfer
562 1274 3912 1591 ging in guter Fahrt die 12 km. bis Salale hinauf.
539 1444 3737 1742 Die Mangroven-Ufer in ihrer Einförmigkeit u.
526 1647 3760 1892 Leblosigkeit waren meiner Erwartung eine
486 1802 3703 2073 Enttäuschung. In Salale den Heckraddampfer mit
518 1970 3728 2291 seitlichen Schleppleichtern gesehen. Ödes Nest, aber
508 2091 4055 2401 d. hiesige Försterehepaar u. Töchterchen fühlen sich riesig
562 2294 3678 2619 wohl u. wollen garnicht  fort. Kaum war d.
561 2486 3701 2790 Sonne fort, so traten d. Moskitos an. Ich schlief
609 2623 3794 2953 bei geschlossener Tür u. Fenster, es half auch nicht völlig
590 2852 1950 3090 u. die Luft war böse.
642 2950 3789 3260 4.III. Fast noch im Dunkeln den Fluß wieder hinab,
563 3095 3859 3406 in's Meer hinaus. Einzelne Regen u. Nebel, ein„
557 3295 3937 3614 mal so stark, daß d. Schiff stoppte, ehe es sich weiter
578 3471 3807 3791 durch die Riffe winden konnte. Um 4 Daressalaam
284 3648 3715 3965 in Sicht, um 4½ im Hafen. Nach 2 D. O. A. G.-
581 3839 3841 4153 Schiffe u. der „Sperber“ im Hafen. Wohnung im
617 4002 3971 4325 Kaiserhof. Treffe abends mit Kempner zusammen.
482 4187 3554 4473 Sonntag d. 5.III. Morgens Spaziergang am Strand.
699 4375 3490 4666 Schach im Hotel. Abds Tennis mit Kempner.
