4292 5213
267 212 546 380 138
434 260 3900 480 23. Mai: Um 5 aufgebrochen, um 8 in Lindi. Gleichzitig war soeben
452 429 3718 676 der Dampfer eingelaufen. Sofort an Bord, v. Staff abgeholt.
436 585 3883 813 Er kommt leider ohne Zeltausrüstung u. Waffen, daher mancherlei
486 740 3902 951 zu erledigen. „Hotel“ besetzt, schlage Zelt im Hof der Usagara auf,
481 881 1714 1112 Staff Fremdenzimmer.
782 945 3940 1243 Janensch, der vor mir fort wollte, marschiert nach Mchuya
479 1144 1820 1383 ab. Immerhin rechtzeitig.
548 1319 1994 1551 24. Mai. Besorgungen aller Art.
531 1405 3989 1677 25 „ Wollte abends mit Boot nach Nguru Mahamba, von dort in 3 Tagen
508 1580 3947 1808 über Lutamba u. mir neuen Noto-Aufstieg zurück, aber es paßt
503 1712 3763 1979 mit dem Wasser nicht, Staff soll ohne Moskitonetz nicht am See
498 1921 3758 2130 schlafen, u. abends ist Abschiedstrunk für d. von mir hoch
488 2032 3839 2273 geachteten Bezirksamtmann Wendt, der auf Europa-Urlaub geht.
513 2163 3860 2355 Mit Staff Besuch beim neuen Oberhaupt Auracher, mit dem ich
523 2295 3910 2573 auf freundschaftlichem Fuße stehe. Abends Abschied am Stammtisch.
642 2459 3916 2676 26. Mai Morgens Staff vorausgeschickt, da gestern abend
495 2626 3903 2868 noch Träger u. neue Bestellungen von Janensch eintrafen, um
502 2801 3901 3062 8 hinterher, Kitulo nunmehr fast trocken. Schöner Weg in
515 2933 2338 3180 der Mulde. Marsch bis Lutende.
592 3073 3858 3271 27. Mai. Marsch bis Noto. Nachm. am Südabhang mit köstli„
495 3215 3777 3514 chem Blick auf Rondo, über das ich nunmehr Überblick habe
506 3398 1816 3650 nach d. Februar-Safari.
228 3580 3740 3806 Sonnt. d. 28. Mai. Marsch zum Tendaguru. Staff anscheinend etwas
531 3743 3809 3994 ermüdet, doch gefällt es ihm anscheinend, was ja nicht zu ver„
515 3926 3827 4118 wundern. Ich habe ihm als zweiten Boy den Neffen unsers
560 4031 3777 4269 alten Freundes Mwindadi gegeben, auch um d. alten Herren,
541 4150 3849 4424 den Wendt als Spion eingesetzt hatte, noch mehr an die Gegend
581 4322 3660 4582 zu fesseln, es kommt uns ja in erster Linie zu gute.
719 4493 2882 4738 29.V. Mit Staff nach Kindope. Gute Funde.
827 4643 3719 4886 Nach Tisch im Magazin u. an d. Quelle. Mit vortrefflicher
