4292 5213
265 295 362 349 46
508 295 3769 496 diese Tiere heftig kämpfen. Alsbald erschienen Raub„
495 466 3840 672 vögel, sodaß ich eine Wache zurücklassen mußte.
515 677 2649 862 Das Unwohlsein war vergessen.
763 827 3734 1039 Nachm. m. Janensch endlich wieder einmal
619 986 3580 1168 Schach (je 1) Abends etwas Kopfschmerz, Janensch
636 1111 3725 1372 zwar auch, aber vom Schach, was mir bei mir un„
617 1320 1852 1525 verständlich erschiene
878 1454 3607 1720 19. Sept. Auch im Maimbwi-Tal findet sich eine
684 1631 3550 1842 gute Stegosaurier-Stelle. Abends etwas
752 1789 3845 2043 Fieber (38,2°), wie ich glaube nur vom Schnupfen.
714 1958 2807 2194 Wir sind beide etwas erkältet.
822 2088 3853 2365 20. Sept. Fühlte mich morgens wohl, aber beim
686 2250 3647 2539 Gehen eine verhaltne innere Glut. Nur bis zur
718 2441 3790 2696 Barrabarra, wo ein neuer „Nyororosaurus‟. Stark
739 2616 3841 2855 ruhebedürftig u. inneres Hohlheitsgefühl wie bei
712 2768 3792 3034 den vorjährigen Verdauungsstörungen, doch in
693 2952 3805 3190 dieser Beziehung keine Beschwerden. Der Wind
691 3117 3737 3350 war mir unangenehm u. ich legte mich gegen
684 3280 3652 3533 2 in's Bett u. fühlte mich darin verdächtig wohl.
820 3482 3762 3708 21. Sept. Nur zu den Gräben im Maimbwi-Tal, dann
695 3632 3285 3826 noch geruht. Seit Mittag vollständig wohl.
828 3781 3614 4052 22 Sept: Janensch ab nach Ubolela. Fuß an
731 3976 3447 4162 d. Barrabarra abgehoben (3 Std!) Boheti zurück.
870 4095 3589 4366 Botan. Ausrüstung u. Saurierabbildungen erhalten.
748 4253 3652 4489 Aus Lindi Meldung vom 3. Pestfall. Morgens neblig.
822 4386 3751 4650 Abends Mittags trotz kräftigen Seewindes im Osten
724 4520 3741 4768 eine dunkle Färbung u. Dunst, dann von dorther Sturm
713 4699 3843 4908 bis Abend, wo Dunst oder Rauch im Westen zu verschwin„
