4292 5213
247 240 466 440 126
513 256 3744 583 Hintergrund. 3 Mann spielten mir eine Bondeï-Goma vor
504 403 3709 677 natürlich auf finanzieller Grundlage; sie war auch sonst nicht
494 551 3839 840 ganz unsprünglich mehr, aber doch sehr interessant u. vorzüglich
523 713 3835 957 ausgeübt. Einer bearbeitete eine übliche Trommel, der Zweite
507 863 3781 1160 eine ganz kleine mit hellem scharfen Klang u. zugleich ein
490 996 3863 1240 leeres Petroleum-Gefäß, das als hübsch laut öfters dazu avan„
491 1138 3757 1462 ziert. Der Dritte tanzte mit gewaltigem Geschick u. Übung
521 1298 3760 1532 in höchst phantastischem Aufzug: militärischer Tropenhelm, altes
507 1431 3886 1726 Schwert in d. H einen, Schelle in d. andern Hand, Khakihose, eine
506 1578 3930 1850 Art Beinwickler mit zahlreichen Schellen besetzt, von d. Knieen
530 1779 3825 2074 ringsum lange Haare herabhängend, der kraftvolle schöne Ober„
491 1915 3863 2210 körper nackt mit zahlreichen bunten Perlschnüren, Ketten u.
522 2119 3640 2334 Schärpen besetzt, ein etwas buntes, aber nicht grade
531 2250 2464 2512 häßliches Ballkostüm. Photographiert.
831 2370 3730 2665 Auf dem Tonboden zahlreiche Blöcke von rötlichem
524 2540 3589 2814 Sandstein, gelben Kalkbrocken u. Oolith durcheinander
598 2758 3599 2952 liegend, einiges wenige fossilführend. Regen.
453 2899 3892 3173 19 April: Marsch nach Kitugallo, anfangs durch schmierigen Tonboden
533 3138 3733 3355 bis an die Knöchel, am linken Ufer des Kulambili entlang.
523 3254 3846 3461 Allerhand Oolithe u. Sandsteinplatten, am Dorfe deutlich unter„
514 3365 3629 3590 lagert von dem lichten Ton, in dem zu suchen jetzt das
493 3539 3792 3773 Risiko bedeutet den Hammer nicht wieder herauszu„
528 3661 3626 3925 bekommen. Über den Bach, durch Felder, dann
522 3825 3739 4098 langsam aufwärts auf eine Höhe, die meist aus Oolith
518 4040 3745 4248 besteht. Schildförmig bis plateauartig, dann steiler ab„
532 4132 3676 4336 fallend nach Kitugallo mit weitem schönen Blick auf
501 4280 3693 4520 Gneißgebiet im S W. Wieder Plateaukante? Bergformen
528 4436 3830 4690 zu verwachsen. Im Regen nach Kitugallo. Fand hier Hrn. Sauer„
509 4593 3909 4784 bier vom vorigen Jahr, der inzwischen in Europa war, u. einen
525 4745 3836 4985 Hrn. Mührsen. Die Kiste m. Versteinerungen, die ich vorm Jahr
