4292 5213
3758 168 4009 361 133
432 227 4041 516 Hrn. Bühl. Prächtige Wohnung im Bankgebände. Aus projektier„
482 407 2056 709 tem Schach wurde nichts.
573 600 3980 818 29 Apr. Nachm. um 5 v. Hrn. Bühl zum Schach in d. Klub abge„
487 757 3824 1026 holt. Kempner geht vermutlich nach Langenburg als
508 913 3771 1119 Bezirksamtmann. Und kennt einstweilen weder
498 1057 3319 1250 Land noch Leute. Konzert d. Askari-Kapelle
258 1193 3992 1474 Sonntag 30. Apr. Nach einander 3 Dampfer der D. O. A. G. im Hafen
503 1355 4061 1545 u. alle wieder hinaus. Frau Prof. Selenka „der Schrecken der
500 1492 3777 1742 Linie“ oder „das Kolonialgespenst“ überrascht mich im
484 1630 3965 1929 Hotel, nachdem wir uns bereits ganz sicher gefühlt
517 1809 4074 2083 hatten, als der Hauptdampfer sie nicht brachte. Inner„
528 1954 4030 2253 halb weniger Stunden stellt sie Daressalaam auf
550 2111 3905 2361 d. Kopf u. wird vom Vertreter der Linie nach
481 2279 4082 2578 Europa abgeschoben. Ich hatte ihr Usambara in glühenden
482 2461 4086 2709 Farben gemalt, um sie vom Tendaguru abzulenken.
689 2599 1821 2879 Mehrfach Regen.
719 2772 2705 3067 Abend. Schach bei Hrn. Bühl.
539 2975 4001 3299 1. Mai: Unser Dampfer sollte heut schon in Lindi sein, geht
481 3168 2340 3468 aber erst morgen hier fort.
539 3278 4019 3581 2. Mai: Sachen an Bord gebracht. Viel Regen. Erst nach 2 Uhr
490 3470 3869 3823 aus d. Hafen. Bei Dunkelheit vor Bagomoyo. Hr. Marks an
495 3746 828 3944 Bord
596 3812 3907 4120 3 Mai: Erwachen auf hoher See, wie unendlich köstlich!
508 3983 3982 4209 Schönstes Wetter. Nirgends auch in d. Ferne eine Böe zu
566 4162 3904 4415 sehen. Nachm. 4 Uhr vor Kilwa. Bei Dunkelheit hinaus.
591 4288 3677 4597 4. Mai. Kühler, schöner Morgen. Die 3 Kuppen des
492 4441 3981 4751 Mtungo sichtbar. Einfahrt in den herrlichen Lindi-Hafen.
491 4654 4063 4885 Uns ist er ein heimatlicher. Frühschoppen an Bord (Herren Schulze,
