4292 5214
3819 306 3948 356 25
407 315 3778 374 durch prächtig ausgebranntes Pori zurück, in den
442 439 3694 636 ich lieber noch morgens gegangen wäre. Nahe
442 640 3517 831 dem Plateaurande fand ich ein Gestein mit
476 816 3713 1005 zahlreichen noch unbekannten Muscheln, gleich
449 991 3758 1191 darüber, den ersten Anstieg aufbauend, die
466 1191 3760 1333 Trigonien-Schichten, statt der Nerineen. Unweit
449 1339 3755 1545 Kijenjere wurden mir wieder Knochen ge„
497 1498 3931 1725 zeigt, unter anderm ein wieder etwa 2,12 m.
479 1687 3833 1893 langer Humerus, freilich äußerlich zersprungen.
533 1893 3913 2056 Um 12 wieder zurück. An den morgens begon„
570 2052 3827 2232 nenen Gräben. Beide liefern einiges Material,
533 2217 3227 2450 ohne einstweilen Urteil zu gestatten.
734 2366 3833 2607 Um 2 ½ Uhr Aufbruch, ließ das Zelt u. Küchen„
552 2541 3821 2755 sachen für Janensch u. weitere Besuche stehen.
566 2725 3903 2936 Am Wege Hundsaffen geschossen, wieder ohne ei„
507 2893 3953 3086 nen Treffer.  Fühlte mich nun wieder ganz wohl.
782 3070 3845 3257 12. Juli: Morgens zur Salesi-Stelle, schien mir
455 3234 3865 3424 abermals ungewöhnlich schlapp, vielleicht etwas
444 3444 1242 3600 übermüdet.
716 3530 3658 3727 Nachm. Gelesen: „Theaterteufel“ v. K. Heigel. Recht
465 3716 3086 3916 lesbar, z. T. etwas fuchsenhaft geschrieben.
716 3861 3973 4106 13. Juli: Morgens Stachelschwein in d. Falle. Ich war nicht
523 4047 3960 4278 rechtzeitig fertig, Jan. ging zur Falle hinab. Nachher traf
533 4251 3869 4453 ich ihn: er hatte nur „nachgesehen‟, ohne Anstalten zum
501 4429 3925 4641 Abschuß zu treffen. Ich ging schnell u. erlöste d. Tier m.
519 4627 3689 4799 d. Pistole, während J. zu „überlegen“ schien. Der erste
