4292 5213
3728 322 3866 372 31
395 405 3899 461 1 August: Die neue Stelle im Maimbwi u. eine zweite
471 523 3212 684 im Kitukituki-Bach in Angriff genommen.
636 695 3683 828 Ich morgens nach Ubolelo, 3 ½ Std. dortige Gräben
460 839 3699 1001 besichtigt, leider bisher ganz ohne weitere Ergebnisse.
419 996 3881 1173 Kann hier nur eine Saurierschicht finden, die ziemlich
446 1193 2901 1318 hoch in das Plateau-Profil hineingeht.
634 1305 3891 1507 Nachm. Andre Knochenfunde an entsprechender Stelle
553 1465 3813 1659 unter dem Namunda besichtigt. Auch nicht überwälti„
546 1697 886 1807 gend.
700 1797 3690 1945 2. Aug: Morgens abmarschiert. Zurück bis Ngwanja,
556 1940 3801 2110 dann auf Umweg über den Namunda. Dicht unter den
564 2118 3642 2275 Newala-Sandsteinen Wasserhorizont. An dieser Stelle
560 2252 3657 2415 das Plateau nur etwa 200-300 m. breit. Gewinne
608 2444 3828 2519 endlich den erwähnten Überblick nach S zum Mputwa,
561 2594 3707 2694 kann aber noch immer nicht feststellen, ob Mputwa
524 2723 3649 2848 u. Namgura zusammenhängen. Über Maimbwi zurück,
525 2862 3780 3029 prächtig abgebrannt, aber schlechter Wind: Keine Barappis.
698 3099 3725 3243 3. Morgens in Kindope. Der Stegosaurier scheint einer
558 3259 2831 3405 unsrer besten Funde werden zu wollen.
733 3437 3690 3568 4. Morgens im Maimbwi-Tal; Schöne Wasserstelle in einer
553 3588 3692 3725 Art Grotte. Fluß-abwärts, herrliche Vegetation. Zwergantilope
562 3786 2417 3852 gesehen. Janensch in Mtapaia.
676 3840 3723 4065 Außerordentlich dunstig, da Landwind. Die zahlreichen Feuer
580 4010 3590 4181 wirbeln die Luft in Höhen, wo sich der darin enthaltene
532 4135 3673 4353 Wasserstoff kondensiert. Janensch machte mich neulich auf
545 4285 3740 4532 die Gewitterwolkenbildung an solchen Stellen aufmerk„
529 4424 3727 4691 sam. Gradezu Vesuv-Pinien sind zu beobachten, die zweifel„
503 4596 3693 4849 los kein juveniles Wasser enthalten. Von mittags ab
547 4767 3798 4946 daher meist bedeckt, die Sonne abends blutigrot wie Bilder
