4292 5213
248 222 523 434 148
517 310 4019 550 Arbeitsstelle besichtigt. Unter meinen Erwartungen, doch einiges Brauch„
422 459 3985 718 bare, leider in d. Nähe noch nicht abzusuchen, da alles unter noch grünem
457 640 3950 881 Gras. Infolgedessen auch nichts üb. d. Beziehungen zur Bornhardti-
454 753 1463 1020 Schicht auszumachen.
740 904 4017 1080 Abends dicht am Lager 3 täglich dort stehende Wasserbock-Weibchen
450 1069 3869 1264 aufgescheucht, aber in Gras u. Busch erst dann gesehen, wenn sie ab„
479 1248 868 1437 gingen.
634 1305 3898 1587 14.VII. Nach Kikundi, dortige Knochenfunde zu besichtigen. Vorher in
495 1521 3795 1767 den Niongala-Forst, um den Blick auf d. Tendaguru zu be„
476 1654 3842 1922 kommen u. zu peilen. Nach langem scheußlichen vergeblichen
424 1827 3926 2061 Suchen in Gras u. lückenlosem Wald auf die Höhe am Wege nach
439 1961 3805 2204 Matapua gelangt, aber nur sehr unvollkommener Durchblick.
488 2117 3866 2328 Zurück über die Schamben des Nameha, die fossilführende Schicht nicht
483 2296 3861 2476 aufgeschlossen, aber in halber Höhe des Niongala-Forstes feine weiße,
473 2383 3954 2671 deutlich geschichtete Sande offenbar höherer Lage in interessanter klei„
492 2594 3987 2810 ner Schlucht unter älterem Ausräumungskessel aufgeschlossen (jünge„
468 2688 3816 2984 re Erosionsformen gegen ältere). Die Bornhardti-Schicht dann
472 2860 3891 3169 am Wege nach Kikundi zu sehen. Hier Feuer gut durchgegangen.
499 3091 3884 3327 Gegenüber Kikundi andre Sandsteine am Talrand anstehend, wohl
505 3264 3916 3498 zur Beyschlagi-Zone des Mtshingiri gehörig. Lager zwischen Mben-
491 3399 3788 3675 kuru u. Kikundi nahe einer großen mit Grasebene wie in
480 3561 1846 3834 Kigombo erfüllten Senke.
703 3712 3714 3937 Nachm. Matarawe-Hügel besichtigt, aus Beyschlagi-Schichten, vom
499 3935 3953 4145 Mbenkuru in Steilabbruch abg. angeschnitten, im Flußbett Steinplatten
523 4084 3822 4325 anstehend, also auch hier jugendliche Erosion. Die Grasebene
509 4258 3892 4489 dürfte also früher ein See gewesen sein, im Zusammen„
486 4410 3741 4636 hang mit d. tiefen Lage der Bornhardti-Schichten. Falls
456 4558 3752 4801 Verwerfungs-Einbruch, müßte er recht jung sein, denn
