4292 5213
3730 187 3950 386 109
452 229 3888 570 27.II: Marsch nach Lindi, da in Nguru-Mahamba kein
546 485 3840 778 Boot lag. Am Wege auf Anhöhe Ndemba die Stelle
453 698 3949 969 besichtigt, wo meine Leute früher zahlreiche Schnecken
463 840 3908 1069 u. einige Fischzähne in mir sonst unbekanntem
452 1010 3789 1358 Gestein gefunden hatten. Das Gestein ist auch nur
483 1186 3928 1513 an einzigen wenigen Blöcken der Steinbestreu„
476 1385 3743 1692 ung auf dem Ton von Mtangi vorhanden. Der
439 1540 4037 1882 Erosionsrest-Berg am Nguru-Kriek erhebt sich darüber,
534 1692 3877 2046 garnicht weit von d. Straße. Gegen 8½ in Lindi.
622 1867 3903 2209 Dampfer kommt erst morgen. Mein Abitu„
471 2139 1212 2414 riumstag.
630 2228 3965 2473 28.II. Vorm. Am Kriek aufwärts, Gesteinsproben aus
515 2438 3460 2747 den Nummulitenkalken geholt. Dampfer.
554 2650 1004 2853 Tennis.
312 2682 4023 3028 1.III: 29.II: Alles klar zur Abreise. Der Dampfer trifft gegen
526 2919 3513 3168 4 von Mikindani kommen ein, an Bord.
588 3104 3715 3413 Ade Lindi, aber noch nicht auf Nimmer„
527 3285 1468 3509 wiedersehen!
524 3443 4061 3743 2.III. Morgens an Kilwa, bleiben hier 24 Std. liegen.
451 3630 3988 3859 An Land. Baumwollginnerei der D. O. A. G., indische
459 3781 4000 4019 Sesamöl-Mühle (wie im alten Ägypten!), Nilpferd-
400 3967 3754 4285 Bassin besichtigt, staunte über die fließenden
399 4158 3844 4462 artesischen Brunnen, die nur von der kleinen
426 4313 3973 4623 Kuppe hinter der Stadt gespeist werden können.
454 4485 3606 4774 Aber wo kommt soviel Wasser her???
507 4646 4003 4865 In d. D. O. A. G.-Veranda bei Whisky-Soda. Mitt u.
485 4828 1439 5031 Nachm. an Bord.
