4292 5213
270 363 356 422 88
491 310 3885 476 11. Januar. Morgens Abmarsch nach N. In Mtapaia die Schichten„
528 489 3900 656 folge noch einmal beobachtet, da Nerineen in großer Anzahl
486 652 3707 815 in höhere Schichten heraufzugehen scheinen. Routenauf„
492 817 3802 982 nahme zum Anschluß bis in's Lager beim Jussuf Manga in
457 1007 3821 1175 Nautope, direkt am Mbenkuru. 5 Std. Marsch, aber höchst ange„
461 1152 3144 1324 nehme Luft, vollständiges Trockenheitswetter.
550 1310 3905 1470 Nachm. auf Wasserböcke weiter östlich. Im frischen kniehohen
537 1488 3590 1642 Grase zeichneten sich ihre Wege ab. Bald hatte ich ein
553 1651 3820 1796 schönes Männchen schwer angeschossen, aber leider eine
534 1815 3752 1965 lange schwere Verfolgung, bis das arme Tier mir im
537 1967 3626 2135 Mbenkuru- Bett zum Opfer fiel. Im Grase seiner
560 2130 2659 2293 Spur folgend wurde ich ganz blutig.
634 2350 3889 2516 12.I. Früh über den Fluß, wo gestern hübsche Versteinerun„
570 2527 3611 2686 gen gefunden waren, konnte leider nicht mehr den
556 2702 3658 2871 direkten Weg über die Büffelstelle zum Mto Nyangi
564 2854 3762 3012 gelangen, da d. Gras zu hoch. Auf Umweg über Itukuru.
581 3026 3798 3194 Träger voraus nach Makumba. Stieg vorsichtig zum Wasser ab,
528 3194 3791 3358 da wir die Nilpferde hörten, wollte zunächst photographieren,
526 3341 3871 3550 da plätschert es dicht unter uns: ein Krokodil, es war bald
529 3533 3786 3714 meine Beute. Dann an seichter Stelle durch's Wasser am
570 3683 3800 3868 linken Ufer entlang. An freier weiter Wasserfläche die
524 3839 3749 4054 Kiboko's; sah lange ihrem Spiel zu, dann ritt mich doch
556 4012 3769 4202 wieder der Mordteufel, ich schoß zweimal; beide Tiere
545 4187 3801 4359 verschwanden spurlos, die anderen tauchten, als sei nichts
570 4368 3724 4548 geschehen, weiter auf u. ab. Nach Makumba. Bezog hier
566 4528 3836 4692 Lager des Kiboko's wegen. Nachm. jenseits auf Jagd, schoß
585 4696 1523 4779 einen Wasserbock.
727 4777 3524 4908 13.I. Früh über d. Mbenkuru nach Niongala, wo ich
