4292 5213
260 312 372 369 42
415 309 3731 478 30. Aug. Nahm Janensch die Besichtigung der neu ge„
505 459 3583 654 legten Barrabarra zum Noto ab, wäre freilich
535 616 3742 799 gern ein ander Mal gegangen, um von dort
531 749 3701 974 den Weg nach Ubolela z kennen zu lernen.
536 897 3866 1128 So mußte ich des Lohntages wegen zurück. 5 ½ Std. bis
539 1073 3854 1290 auf d. Noto, an seinem Fuße beim Karani Ndonde
525 1228 3032 1459 geschlafen. Abds. ein Barappi geschossen.
622 1488 3086 1642 31. Aug. Zum Tendag. zurück. Lohnzahlung
719 1676 3485 1958 1. Sept: Gräben am Lilahi u. Lilombo hinter
604 1856 3739 2140 Kindope besichtigt, darunter den herrlichen „Issasaurus“
618 2016 3569 2269 mit 10 Hals-, 9 Rumpf, -, 20 Schwanzwirbeln im
697 2206 3235 2423 Zusammenhange u. prächtiger Erhaltung.
841 2396 3606 2617 Nachm. d. Affe reißt sich los, die Enten fliehen,
696 2577 3590 2756 die Leute hinterher, zünden Feuer an, um
677 2702 3625 2920 sie aufzuscheuchen; es entwickelt sich mächtig,
689 2859 3685 3082 mehrere Hütten brennen nieder u. im Wind„
655 3011 3535 3231 schatten des Tendag. kehrt d. Feuer zurück u.
667 3158 3765 3351 kommt auf d. Berg. Abends rings um illumi„
699 3367 1016 3478 niert
638 3448 3654 3631 2 Sept: „Südring“. Janensch in Mtapaia. Mittags
666 3577 3799 3830 werden Barappis in d. Nähe gemeldet, ich muß
662 3747 3766 3999 hinterher. Nach langem Suchen zum Schuß gekommen,
672 3900 3717 4134 aber hoffentlich ohne Erfolg. Bei weiterer Verfol„
697 4133 3241 4264 gung 3 Schweine auf einem Platz erlegt.
664 4314 3669 4535 3. Sept. In Kindope, auf d. Barrabarra zu einem
667 4468 3787 4685 Graben in d. 1.ten Stufe im W. (Mugororo) Sieht nicht
662 4747 3412 4817 schlecht aus. Janensch zurück. Poscho.
