4292 5213
3897 243 3985 361 93
458 326 3843 458 als 24 Std. unpassierbar sein. Über Beyschlagi-Schichten aufwärts.
482 498 3847 621 Recht kräftiger u. anhaltender Regen verwandelte die Wege in
484 665 3735 785 Bäche. Nach Übergang über d. Nambango dunkle Kalke m.
485 797 3961 954 hübschen Ammoniten. Links zeigte sich langhinziehend eine
489 979 3889 1121 Kante höherer Gesteine, in denen ich d. Ntandi-Sch. ver„
514 1129 3915 1279 muten durfte. Leider waren dort die Fossilfunde weni„
519 1277 3821 1442 ger gut, zu meinem lebhaften Erstaunen Beyschlagi (und
534 1439 3815 1592 wohl auch Bornhardti) darunter. Darauf rote Sande, in
513 1611 3842 1771 denen die Brunnenlöcher von Lipindi (z. Z. verlassen) einge„
481 1772 3913 1924 senkt schienen. Eine schöne Hochfläche m. niederem Grase vermit„
475 1917 3805 2076 telte den Anschluß an's Likonde-Plateau, an dessen Fuß
519 2053 3997 2220 jedoch nochmals ein wenig tiefes Tal. Lager auf d. Höhe beim
549 2251 1753 2381 Jumben Saidi Makwaira
594 2360 3423 2553 198.I: Früh abmarschiert, bekannte Route bis Pilepile.
608 2531 3861 2688 Nachm. 3-6 Besuch der auf d. Karte eingetragenen „Schlucht“, die
547 2706 3929 2851 dort Nambawala u. Kikomolela zu trennen scheint. In Wirk„
555 2857 3860 3005 lichkeit einer von den kleinen Steilstufen in Bachläufen,
569 3028 3917 3156 wie sie mir vom Tendag. her an d. Beyschlagi-Bänken be„
551 3177 3999 3336 kannt sind. Hier durch Korallenbank hervorgerufen, die, wenn
523 3303 4011 3494 tertiär, recht interessant wäre, da überlagert von rotem Sande
564 3429 3789 3652 mit „Radiolarien‟(?)-Quarzit. Auch sonst interessante Befunde:
556 3584 3822 3838 Nautilus u. zw. dem Schneckengestein ein Knochenbruchstück,
561 3739 3909 3972 auch Bornhardti-Exemplare. Traf eine Kinderschar, darunter ein fast erwach„
845 3856 4005 4016 senes recht hübsches Mädchen nur m. Lendenschurz u. eine Schale Mango-Früchte auf d. Kopf.
2934 3920 3720 3977 Ein Bild zum Malen!
734 3968 3845 4149 20.I. Hoffte auf Aufschlüsse am Ostfuße d. Plateaus, daher wei„
583 4098 3857 4308 terer Weg üb. Namembo, aber da resultatlos durch bis Lindi.
574 4273 3770 4460 Unmittelbar vor Namembo Hrn. Kaiser getroffen, der nach
582 4479 2347 4629 Namwiranye zur Besichtigung zog.
