4292 5213
3709 212 3942 393 119
450 236 3739 430 28.III. Ruhetag im Lager. „Leonardo da Vinci“ von
419 394 4000 590 Mereschkovski gelesen. Es giebt von dem Gewaltigen
433 599 3982 758 einen minder großen Begriff als Chamberlain, aber
453 709 3879 980 es stellt ihn in sein Milieu. Auch „Jörn Uhl“ noch
440 899 1051 1116 einmal.
530 1018 3775 1328 29.III. Hätte gern d. Tag mit Mama wieder
528 1239 3990 1482 Zusammen verlebt. Janensch noch immer nicht
482 1365 3927 1668 zu meinem Ärger. Auch d. letzte Europa-Post fällt.
470 1615 849 1799 aus.
610 1654 3934 1909 30.III. Um mir nur Bewegung zu machen, Hrn.
484 1848 4000 2129 Hausmann durch d. Schamba begleitet. Von Malen
500 2011 3810 2258 keine Rede, da ständig Wolken an den Bergen.
593 2248 3172 2453 Sattler zurück. Nachts starker Regen.
547 2418 3809 2599 31.III. Lohntag. Fragte Ali, ob er denn nun, wie er vor
549 2536 3754 2734 d. Strafe erklärte, gehen wollte: „es geht heut grade kein Zug
556 2671 2457 2854 nach Daressalaam“ war die Ausrede.
502 2871 1132 3139 1 April:
851 2810 1160 2963 Nachm:
1085 2801 4047 3107 Um nicht müßig zu sitzen u. möglichst Fleisch zu Voertmann's
551 3035 4039 3212 Besuch zu schießen, auch um nochmals Kudu's zu suchen, wiederum
553 3167 3778 3426 1½ St. nach W. in d. schöne Revier gezogen. Sah noch am Abend
541 3226 3803 3500 mehrfach eine Kongoni-Herde u. kam 6 mal zu Schuß, aber
554 3431 3998 3640 erstaunlicherweise augenscheinlich ohne d. geringsten Erfolg; auf Jagd
510 3523 2518 3794 ist mir das lieber als ein halber.
629 3645 3814 3946 1.IV. Weit durch den Wald gezogen, vielfach auf frischen
526 3825 4068 4123 Spuren, auch von Kudus, aber erst gegen 9 eine Kongoni-Herde
501 4010 4011 4217 aufgescheucht. Ich konnte einen Schuß abgeben u. war meiner
544 4138 4073 4440 Sache gewiß, fand aber nur starke Blutspur, auch Knochensplitter.
515 4343 4071 4532 Nun greuliche 3-stündige Verfolgung des schwer durch  Ellenbogen„
498 4428 3889 4752 gelenk getroffenen Tieres, eigentlich ein zu-Tode-hetzen. Denn
511 4601 3880 4890 es sprang mit seinen 3 Beinen jedesmal wie ein gesundes
471 4737 3797 5000 schon weit vor uns auf, durch Dickicht, Wasserläufe u. starkes Gras.
