4292 5213
231 250 480 470 140
506 290 3879 485 31. Mai: Mit v. Staff in Mtapaia, dort nach Besichtigung des Grabens, für
459 389 3850 654 den mir St. merkwürdig wenig Interesse aufzubringen schien,
452 545 3903 748 kleines Frühstück, Rückweg teilweise ohne Weg durch niedriges
492 705 1877 966 Gras, keinerlei Spuren.
787 845 1922 1110 Nachm. Lohnzahlung.
509 973 3896 1248 1. Juni 11: Der Barappi-Junge vom Namunda führt uns über
614 1104 3713 1408 den Mtapaia u. Muyoya durch hohes Gras u. Bambus-
576 1307 3909 1557 Dickicht zu der von ihm voriges Jahr entdeckten Knochen„
559 1444 3867 1766 stelle im Waldreservat. Ein oben etwas angewitter„
550 1601 3990 1874 tes Sacrum mit Teilen beider Ilea u. allerhand außen
566 1710 3876 2044 liegende Bruchstücke machen keinen üblen Eindruck,
585 1900 3869 2221 freilich schon viel herausgewittert. Dicht dabei an„
586 2093 3711 2316 dere gute Stellen mit Stegosaurier-Resten u. dgl.
606 2210 3246 2437 2. Juni Kindope. Grabungen am Muyoya begonnen.
561 2277 3824 2607 3 Juni. Graben von Skelett S besichtigt. Poscho-Zahlung.
472 2504 3954 2774 Sonntag d. 4. Juni: Mit v. Staff's Hilfe (wiederum beschämend,
652 2608 3706 2952 aber nicht zu ändern, er weiß eben mehr) endlich
602 2811 3780 3098 Bearbeitung meiner Routenaufnahmen begonnen.
597 2963 3706 3290 Ganzen Vormittag gezeichnet u. übertragen, es rückt
653 3134 2526 3378 freilich verdammt langsam.
922 3263 3429 3550 Nachm: 2 Partieen Schach, je 1 Gewinn.
677 3398 3826 3678 Begonnen„ Grundzüge d. phys. Geographie“ v. Martonne,
588 3560 3816 3843 das mir Staff mitgebracht u. empfohlen hat, anschei„
589 3704 3653 3964 nend mit Recht. Vortreffliche Modellzeichnungen.
734 3858 3840 4124 5.VI. Graben am Muyoya besichtigt. Nichts sonderlich
621 4015 3856 4370 Erhebendes. Dann zur Matapua-Straße durchgestoßen,
625 4190 3699 4502 ein kl. noch fehlendes Stück Routenaufnahme zur
636 4314 3486 4657 Anlehnung an d. kartographierte Waldreservat.
727 4498 3925 4792 Bei Skelett S abermals von oben zu graben begonnen.
