4292 5213
316 363 484 426 30
572 270 3674 489 die ganze Mannschaft hineinsetze. Wieder ohne Weg zum
554 387 3839 611 Zelt. Hier einen Büchsenschuß entfernt sind nachts zahlreiche
621 512 3789 777 Barappis in d. Baumwolle gewesen! Ich hätte sie morgens
557 699 3749 945 sehr schnell einholen können. Da sie parallel dem Rück„
586 882 3913 1110 wege zum Tendaguru abgegangen waren, ging ich nachmittags
598 1034 3840 1285 ohne allzuviel Hoffnung nach. In dichtestem Grase scheuchten
617 1183 3730 1440 wir sie auf. Bald darauf sah ich wieder eins stehen,
571 1328 3673 1608 schoß auf etwa 120-130 m. u. erlegte es glücklich, leider
627 1502 3885 1756 war es ein recht junges Tier. Nachdem wir die andern
604 1649 3719 1936 vergeblich in's hohe Gras verfolgt hatten, hielten wir
657 1811 3759 2101 die Träger auf dem nahen Wege an. Zurück zum
609 2023 2363 2287 Tendaguru. Etwas Regen.
730 2158 3875 2447 27. Juli. Vorgestern wieder 50 Wangoni eingetroffen,
602 2324 3875 2607 da nicht genug Geräte, heute 33 mit Knochenlasten nach
604 2508 2769 2781 Lindi geschickt. Jetzt über 400 Mann.
731 2692 3740 2956 30. Vom Graben im Bolachikombe-Bach zu einer im
622 2849 3727 3125 Vorjahr gesehenen Knochenstelle der zweiten Stufe im
633 3038 3635 3287 Maimbwi-Tal. Zu meiner Freude schon gut abge„
605 3246 3204 3444 brannt. Nachm. Lohn- u. Poscho-Zahlung.
889 3463 1898 3617 Briefe beendigt.
715 3584 3845 3811 Sonntag d. 31. Juli: An Erna's Geburtstag heut früh
622 3748 3694 4023 über d. Barrabarra in's Mbenkuru-Tal hinunter.
698 3884 3833 4172 Trotzdem wir schon mehrfach haben brennen lassen,
645 4075 3815 4327 komme ich nicht hinein u. muß nach vielen Vorstö„
647 4248 3737 4470 ßen, die mich bis Kindope führten, etwas ärgerlich
641 4421 3865 4626 abstehen. Gehe über den Mtapaia nach Osten, finde aber
622 4640 1680 4797 auch dort nichts.
914 4773 3609 4912 Abend. Janensch die neue Knochenstelle gezeigt.
