4292 5213
219 251 500 517 146
450 348 3956 556 Sonntag bestellte, u. in d. Nähe mir leider nachts nicht zugänglich
487 451 3828 654 eine Ngoma für Besessene. Nach d. Beschreibung seien es eine ganze
486 606 3888 795 Anzahl, die Besessenheit äußere sich, indem die Betr. nach ngoma
489 701 3958 1005 schreiend verlangten, während der Trommelei laufen sie (nachts)
495 867 2464 1154 in d. Busch u. kämen gesund wieder.
658 969 3868 1255 8.VII: Über Mahimbwi, wo ich gestern stellenweise habe brennen
527 1136 3777 1408 lassen, zurück. Im Abgebrannten ein Puduka erwischt. Noch ein
498 1345 3903 1508 Stück Route aufgenommen. In d. Sandsteinen zw. Tendag.-Gipfelsch. u.
414 1446 3106 1681 d. 2 Newala-Sdst.-Zonen keine Fossilien zu entdecken.
647 1549 3323 1863 Inzwischen Europapost gekommen. Abds. Vor-Ngoma.
486 1725 3835 2013 Sonntag d. 9.VII: Zur Abschiedsfeier u. d. Schädelfestes wegen
532 1810 3852 2150 hatte ich für heut siku knu angesagt, d. h. Pombe bereiten
426 1989 3793 2276 lassen u. ngoma beordert. Hätte gern eine Fleischver„
518 2122 3846 2481 teilung damit verbunden, aber auch der heutige Pürsch„
522 2272 3754 2618 gang vergeblich. Die Tänze haben die Nacht durch gedauert u.
513 2456 3294 2752 ermüden erst gegen Mittag aus Durst nach Pombe.
605 2564 3824 2881 Um 2 gingen wir zusammen hinunter u. ließen Festspiele
509 2791 3843 3018 beginnen, Speer- u. Steinwerfen, Hochsprung (worin dies mal einige
515 2940 3964 3167 wenige excellierten, sie hatten diese Kunst von - der englischen
479 3079 3799 3320 Mission!) Wettlauf, Stelzengehen, Topftragen für Weiber u. s. w.
508 3242 3886 3513 Gegen Abend löste es sich bald auf, ich brannte noch bengalisches
514 3430 2792 3663 Feuer ab, aber es sahen nur noch wenige.
682 3531 3848 3829 10.VII. Den für Beginn der Woche angesetzten Abmarsch hatte
493 3778 3837 3977 ich der Ngoma wegen erst für morgen geplant, aber Herr
464 3869 3867 4180 Furtwängler, der gestern nachm. nicht sehr wohl, abends aber
466 4115 3879 4334 um so ausgelassener war (er brachte den Boys europä„
492 4213 3620 4511 ischen Tanz bei, der in ziemlich unanständiger Weise
481 4343 3849 4643 aufgefaßt zu werden scheint), legt sich heut wieder
479 4592 1134 4742 mit Fieber.
886 4650 3411 4936 Aufräumungsarbeiten, Packen u. dgl. Schach.
