4292 5213
3829 276 3953 383 29
412 341 3743 406 Er war nicht mehr da, also war d. Leopard bei Tage wieder
415 428 3816 555 gekommen u. noch in d. Nähe. Wir fanden d. Reste d. Mahls
434 566 3756 690 - freilich ohne d. Schädel=- abermals ein Stück weiter im
492 694 3509 839 hohen Grase. Ich ließ nun eine Falle daneben stellen.
280 856 3814 1027 Sonntag d. 24: Der Leopard war nachts in d. Falle, hat sich aber wieder
552 1006 3563 1188 herausgebissen. D. Falle wird im Quellbach aufgestellt.
607 1189 3737 1325 Gemalt, Ruhetag. Janensch auf Barappis am Maimbwi
770 1421 3909 1616 In Kindope erkennt Janensch in einer prächtig erhalte„
597 1566 3997 1741 nen kleinen Form einen Stegosaurier.Wundervolle Rumpf„
465 1754 1161 1903 dornfortsätze.
774 1920 2903 2108 27. Juli: Es sind wieder 50 Wangoni
618 2109 3740 2254 25. Juli: Morgens nach Mtapaia, hinter der Barrabarra
539 2240 3805 2407 meist ohne Weg, da gestern großenteils schön abgebrannt.
539 2393 3768 2545 Knochenstelle unterwegs besichtigt, schon im vorigen Jahr ein
552 2531 3718 2678 wenig gegraben. Ermuntert zu weiterem Suchen. Barappi-
640 2682 3800 2797 Spuren. Graben in Kijenjere besichtigt, ohne Weg zum Zelt
585 2828 1611 2992 in Mtapaia zurück.
713 2995 2872 3147 Nachm. Tal nach N abgesucht, kein Wild.
612 3149 3937 3365 26. Wollte ursprünglich über Kindope zurück. Gute Nachrichten
511 3319 3909 3515 vom Kijenjere-Graben rufen mich aber nochmals dort„
505 3431 3897 3669 hin. Daher in aller Frühe zu den nahen Bohnenfeldern des
602 3599 3843 3802 Liwengwa, in denen gestern Nacht Barappi u. Wasser„
577 3742 3891 3963 böcke waren; heute nichts. Durch schön abgebranntes Pori
587 3920 3796 4114 nach Kijenjere. Hätte mehrfach Schweine schießen können, es ist
583 4095 3853 4282 erstaunlich, wie wenig diese Tiere im Gegensatz zu allen
555 4233 3897 4449 Antilopen sehen u. hören. Die Leute essen sie aber leider nicht
553 4391 3859 4577 u. baten mich diese Feinde ihrer Felder zu schonen, um nicht
579 4517 3898 4723 womöglich besseres Wild zu verscheuchen. Spuren v. Barappis
593 4662 3864 4862 aber nichts zu sehen. Neue Knochenfunde. Der neue, gestern
633 4801 3915 4965 begonnene Graben in Kijenjere sieht so vielversprechend aus, daß ich
