4292 5213
255 222 454 390 118
484 291 3889 524 Ein Zebra prächtig aus d. Nähe gesehen, hatte d. Büchse fertig in
492 419 3738 689 d. Hand, wollte es aber nicht schießen; Sonst kein Tier,
505 565 3914 851 nur frische Spuren, denen zu folgen mir keine Zeit blieb.
474 735 3904 979 Wie alle Tage sahen aber die nachfolgenden Träger vom
515 898 3876 1099 Wege aus reichlich Wild, die zurückgebliebenen Weg-
507 1086 3946 1302 Arbeiter mußten sogar eines Nashorns wegen auf
495 1171 3972 1451 d. Bäume fliehen. Der Marsch auf d. neuen Wege durch
499 1368 3904 1621 die zaubrische Haide mit Blick auf Berge u. Gebirge
518 1560 1350 1747 wundervoll.
717 1666 4000 1910 27.III. Rückmarsch nach Mikesse. Vorausgehend sah ich im
518 1824 3927 2100 Regen 2 Tiere aufspringen, die ich f. Ba Riedböcke hielt,
533 2010 3993 2235 sah aber beim Anlegen mit Sattler's Gewehr (Er u. Ali m.
539 2135 4016 2422 d. meinigen waren noch nicht da) ein Kudu-Weibchen
564 2306 3895 2492 mit Jungem. Sie gingen ab, ich folgte allein u. hörte
550 2441 3903 2715 den Bock wiehern, sah auch mehrfach Tiere durch's Ge„
547 2625 3848 2881 büsch. Hätte ich mein Gewehr u. Begleiter gehabt, so
556 2759 3862 2980 wäre ich gefolgt. Verabreichte Ali einige Ohrfeigen
564 2944 3913 3168 wegen seiner Bummelei, worauf er trotzig wurde
579 3071 4010 3348 u. mein Gewehr an einen Baum lehnte, so daß es ein
605 3211 3984 3485 andrer an sich nahm. Dafür setzte es Nachm. im Lager
586 3454 3904 3678 Hiebe, ich ließ mich aber durch seine Bitten, wenn ich
586 3549 3958 3867 ihn auch äußerlich erbarmungslos zurückwies, soweit
575 3683 3862 4015 erweichen, daß ich ihn d. Hose anbehalten ließ u.
570 3863 3963 4096 beim 10. Hieb Halt gebot. Sattler hatte vor einigen
596 4055 3936 4316 Tagen wegen einiger Vergeßlichkeiten 25 verab„
586 4205 3906 4515 reichen lassen. Ich möchte weniger Strafen bei Ver„
583 4427 4018 4682 gehen gegen mich u. die schärfste Strafe von 15 Hieben
549 4589 3327 4870 für Vergehen gegen Sitte oder Gesetz aufsparen.
