4292 5213
3847 257 3990 356 65
587 295 3802 458 Um 4 gegen das W.-Ende der Hausebene auf Jagd, herrliches
524 470 3870 595 Gelände, leider schon spät, weil mir gesagt war, in der Nähe
564 616 3754 752 wäre kein Wild. Offenbar recht viel. Schlich mich an einen
543 784 3783 916 großen Buschbock (f. Wasserbock gehalten) heran u. sah, als ich
552 979 4030 1059 schießen wollte, wie er zu einer großen Zibetkatze hinüber„
530 1140 1785 1227 äugte, in dem freien,
1587 1039 2136 1121 etwas welligen
1785 1141 4006 1231 Gelände ein überaus eindrucksvolles
537 1301 2823 1375 Bild. Konnte d. Buschbock dann erlegen.
643 1382 2383 1459 Zum ersten Mal Pfeil u. Bogen gesehen.
692 1474 3991 1570 15. Nov. Beim Aufstehen um 4 minimaler Regen, aber
572 1597 3783 1755 noch öfters am Tage drohend u. in d. Ferne mehrfach
601 1746 3787 1893 ziemlich erhebliche Niederschläge. Der Weg führte durch das
607 1873 3795 2049 prächtige freie Jagdrevier von gestern abend, dann durch die
625 2027 3787 2207 Grasebene von Maonga u. Kigombo, in die jenes ziemlich
629 2165 3847 2379 scharf abgegrenzt mündete. Nach den Erfahrungen vor'm Jahr
666 2343 3728 2524 hatte ich gemeint, sie bestände durchweg aus jenem hohen,
598 2514 3911 2662 feuerfesten Elephantengrase. Zu meiner Freude, sah ich nun
634 2652 3150 2811 eine gewaltige ganz freie Fläche vor mir, das
3173 2566 3372 2663 West
3150 2631 3971 2746 Nordende völlig
647 2797 3825 2960 abgebrannt, in der Mitte nur etwa hüfthohes, vom Feuer
613 2945 3993 3132 gelichtetes Gras, nur der Ostteil ziemlich undurchdringlich. Meine
627 3077 3736 3290 Annahme, der Mbenkuru sei hier vor Durchbrechung des
595 3243 4043 3443 Plateaugebiets westlich am Mbalawala vorbei nach N. geflossen,
643 3400 3886 3592 fand ich durch den derzeitigen Zustand des Geländes nicht
639 3541 4065 3746 bestätigt, doch macht die ganze Fläche mit ihrem scharf abgesetzten
622 3672 4014 3913 Waldrande auch zur Trockenzeit den Eindruck eines großen
634 3826 4057 4065 Sees, der hier vielleicht früher bestanden haben mag oder
644 4009 3900 4201 zur Regenzeit so voller Wasser steht, daß sich Bäume
649 4146 4043 4350 nicht darin halten können. Immerhin zieht der ganzen
614 4324 3957 4505 Länge nach, ein mehrere Meter breites, fast 1 m. tief ein„
636 4461 3809 4662 geschnittenes Bachbett hindurch, auch jetzt mit grünem Grase
615 4622 3989 4786 bestanden u. offenbar (Wildspuren) noch bis vor kurzem Wasser
625 4780 3919 4927 enthaltend. Der Weg nach Kigombo führt quer über die Westecke
