4292 5213
260 273 395 394 92
395 263 2719 410 6-jährige Gefangenschaft eingebracht hätten.
706 439 3811 574 Nachm. Gestein sortiert. Träger von W (Tandag.), N (Mtarika) u.
573 595 3834 738 O (Liwali-Kitumbini) trafen fast gleichzitig u. dicht hinter mir
564 769 814 874 ein.
662 920 3766 1068 176.I. Da ich die Befunde in Niongala u. Minyoka noch nicht
600 1069 3933 1215 ohne tekton. Störung zu vereinen weiß, mir im übrigen aber
571 1214 3719 1374 täglich d. Land ungestörter erscheint, bleibe ich einen Tag u.
594 1400 3914 1554 mache einen Ausflug über Nambuli zum Mbenkuru. Jenseits
600 1562 3827 1734 bei Kikundi werden außerdem anscheinend gute Knochen
620 1748 3959 1896 gemeldet, zu deren Besichtigung aber die Zeit nicht hinreichte.
633 1930 3749 2075 Fand orographisch d. Verhältnisse von Niongala, stratigr. von
633 2095 3861 2242 Minyoka u. weiß nun erst recht nicht was los ist, zumal
632 2244 3725 2417 von Oolith keine Spur. Bei Matapua schöner Aufschluß in
618 2414 3789 2558 Saurierschichten, jenseits d. Mtshingiri auch Knochenstücke.
811 2605 3769 2742 Abends wollte man mir „ganz nahe“ eine Stelle zeigen, wo
624 2757 3915 2897 „täglich“ ein Buschbock-Pärchen austritt. Fand keine Spur u. mußte
617 2915 3992 3048 weit üb. einen Berg durch Busch. Fand Nautilus in Beyschlagi-Horizont.
603 3085 3771 3224 Als wir wieder in d. Felder kamen, winkten uns Leute,
600 3248 3862 3375 dicht an ihrem Hause stand ein Mbawala, ich schoß, es überschlug
603 3407 3745 3540 sich, gegen meine Warnung rannte ein Kerl dorthin, ich
587 3542 3786 3714 sah das Tier noch einmal, konnte nun aber des Menschen
612 3669 3890 3860 wegen nicht schießen, dann verschwand es im Busch, keine
609 3888 1085 4030 Blutspur.
709 3984 3868 4229 18.I. Marsch auf's Likonde-Plateau. Im Mtshingiri, den wir
586 4149 3806 4358 gestern trockenen Fußes durchschritten, marschierten wir heut
569 4352 3746 4509 in knietiefem braunem Wasser, das langsam talab zog.
558 4523 3808 4650 Wir hatten keinen Regen gehabt, auch keineWetterwolken
588 4656 3742 4794 gesehen. Auch in voller Regenzeit soll der Fluß nie länger
