4292 5213
383 249 511 363 94
638 296 2864 456 21. Jan: Ruhetag im lieben köstlichen Lindi
323 459 3989 626 Sonnt. 22. " Vorm. Vorm Boma-Tor aquarelliert. Einen Teil d. Träger zum
666 689 1933 819 Tendaguru zurückgeschickt
667 834 3861 999 23 u. 24. Knochenlasten verpackt. Sehr heiß u. völlig trocken.
762 994 3995 1153 25. Abds. Tennis mitgespielt, nach d. Abendessen m. Hrn. Behmer
618 1156 1650 1300 bei Wolff's zum Skat.
740 1300 3615 1498 26. Abermals Träger abgeschickt, die hier frei werden.
628 1440 3801 1618 Morgens über d. Kriek gesetzt, am Strande entlang bis zum Fuß
631 1655 3895 1772 des Nundi-Berges, dann einem Tal links hinein folgend
632 1794 3979 1928 (Telegraphenweg) u. nach rechts hinauf auf den Mkoko-Berg.
622 1944 3725 2101 Ganz kahl u. freie, daher ausgezeichnete Rundsicht, ein
635 2115 3757 2249 wenig dunstig. Meine Leute hatten bereits hier u. an
619 2257 3781 2409 tieferer Stelle am Strande gesammelt, es handelte sich
621 2435 3886 2562 nur darum die Lagerung festzulegen. Über Aufeinander„
646 2593 3784 2721 folge u. Trennung der verschieden-altrigen Tertiär„
662 2733 3914 2872 schichten leider nichts auszumachen, da alle Hänge ver„
626 2895 3929 3042 waschen, bewachsen u. mit Felsblöcken aller Art über„
638 3035 3927 3216 sät. Konnte nicht lange bleiben aus Furcht vor dem
641 3207 3837 3390 sonnigen Rückweg über den weißen Krieksand. Nur
652 3368 3840 3570 die sehr kräftige Seebrise machte ihn erträglich. Um
626 3565 3876 3736 12 zurück. Kl. schwarze Schlange, von der die Leute behaupten, sie haben hinten
650 3699 2620 3818 einen 2ten Kopf, mit dem sie gleichfalls beiße.
762 3818 3671 3936 27. Jan. Kaisers Geburtstag. 8 ½ Versamml. d. Europäer u.
636 3946 3881 4114 vieler Schwarzen vor d. alten Schauri-Halle am Exerzierplatz.
643 4119 3920 4272 Bez-Amtmann Wendt, obwohl mit Fieber, hält eine Ansprache
631 4286 3929 4453 auf kisuaheli, die eigentlich mehr Unterworfenen-Gefühl
670 4450 3897 4619 als Begeisterung voraussetzte. Dann Ansprache des Kompagnie-
638 4653 2501 4787 Führers an d. Askari u. Parade.
813 4797 3187 4914 Anschließend Frühschoppen bei Hrn. Schulze.
