4292 5213
274 301 384 360 38
543 349 3809 549 schnelle Bewegung zu machen, also zu langem Anschlei„
528 526 3858 703 chen in d. krachenden Stengeln keine Zeit. Sobald ich orien„
595 685 3834 875 tiert war, schoß ich etwas tiefer als das Gehörn u. hatte
619 852 3842 1032 nachher d. Genugtuung zu sehen, daß d. Herz durchbohrt
631 1027 3674 1210 u. d. Tier an Ort u. Stelle gefallen war. Zunächst
659 1183 3721 1354 ging ich vorsichtiger näher u. glaubte d. angeschossene
691 1346 3854 1536 Tier stehen zu sehen; ich schoß wieder, es fiel: nochmals
702 1505 3744 1708 heran, nun zielte ich auf's Blatt, da sagt der törichte
679 1660 3747 1864 Ali, der immer fürchtet, mit d. Schächtschnitt zu spät
733 1832 3859 2014 zu kommen: „genug, es liegt“ u. d. Tier ging ab, wie
700 2000 3545 2191 ich glauben muß, angeschossen. Alles Suchen in
713 2170 3773 2339 fürchterlichster Graswüste war umsonst, es war
697 2315 3771 2517 das zweite Tier gewesen. Wie ich sah, befand ich
730 2492 3785 2670 mich hier am Unterlauf des Kipande, vermutlich
705 2663 3825 2857 nicht weit von seiner Mündung in d. Mbenkuru.
699 2826 3713 3041 Auf d. Rückweg unter d. Plateaurand schoß ich aber„
702 2981 3663 3201 mals auf ein einzelnes aufgesprungenes Barappi,
694 3168 3721 3360 aber im gleichen Augenblick tat mir's schon leid.
704 3309 3753 3505 Ich glaube gefehlt zu haben u. gab die Verfolgung
698 3462 3721 3679 gern sehr schnell auf. Schon gegen 10 zurück im Lager.
841 3649 3753 3848 Gegen Abend Janensch zurück, der d. Schädelteile(?)
698 3812 3707 4007 bei S evtl. für die eines Fisches erklären möchte.
659 3971 3664 4158 Wär's doch so! Aber für Ganoiden zu mächtig,
677 4120 3835 4311 für Teleostier der unteren Kreide erst recht, sollte
680 4304 3563 4489 ich meinen. Indessen ein Strohhalm für unsere
784 4537 1313 4660 Hoffnung.
