4292 5213
269 237 497 429 130
448 262 3641 528 nicht die gleiche Schichtenfolge, aber auch geringere Höhe.
462 423 3811 690 Statt dessen lagen hier gewaltige Kalkfelsen mit Schratten-
436 605 3885 809 Oberfläche, aber ohne die nach Stuhlmann-Bornh. zu erwartende
406 768 3755 987 Korallenstruktur im Grase u. unmittelbar daneben am
423 896 3871 1115 Wege eine Schicht mit guten reichen Fossilien, anscheinend eine
423 1046 3932 1257 Lage in den Sandsteinen des Bachbettes. Die Lagebeziehungen
438 1236 3852 1466 zu d. Kalk waren leider wegen d. Grases u. Zeitmangels
444 1424 3762 1616 nicht zu ermitteln, ich mutmaßte jedoch ein durchragendes
422 1562 3849 1762 Kalkriff von anscheinend NW-Richtung, sodaß es zu jenem
419 1674 3721 1959 Korallenkalk gehören könnte. Der Jumbe führte mich nun
423 1847 3742 2047 kreuz u. quer, um mir weitere Blöcke zu zeigen u. da.
475 1988 3851 2216 d. Sonne bedeckt war, verlor ich etwas d. Himmelsrich„
457 2202 3938 2370 tung u. damit die Verbindung zum Gesehenen. Unter den
469 2354 3863 2618 Blöcken waren aber auch ziemlich hoch gelegene Sandsteine
467 2507 3775 2746 bis Konglomerate statt des Schrattenkalks. Dann gab's noch
481 2733 1129 2957 ein Profil:
1187 2676 2320 2886 5 grobkörniger Sandstein
1164 2786 2359 2987 4 fester gut plattender Sdst.
1143 2874 2324 3072 3 Ammonit freiliegend
1133 2959 3714 3188 2 Austernbank in einzelnen Brocken eine Schicht bildend
1140 3097 2516 3273 1 braune Letten u. Sandsteine
563 3231 3769 3385 worin 1-4 gut mit d. linken Sude-Ufer übereinstimmen, der
470 3313 3616 3548 Ammonit anscheinend aus 3 u. unmittelbar darauf liegend.
558 3409 3836 3719 Rückweg vielfach (besonders am Sumba) durch schönen Lianen-
469 3604 3723 3842 Busch bis - Wald, da viele nicht große Bäume darin. Eine
466 3753 3683 4001 Pflanze wie Sisal, nur mit schnellerem Aufschießen, sodaß d.
464 3867 3746 4128 Blätter statt gedrängt wie wendeltreppenähnlich standen.
517 4051 3721 4264 Erste Siedelungen (kwa Dindiri) kurz vor d. Bahn, die ich
433 4197 3197 4499 bei km 115,6 wieder erreichte. Lager beim Jumben
2987 4189 3347 4349 Makuka
3195 4227 3733 4427 in Duati
450 4382 3844 4579 (km 114). Entließ d. Jumben mit reichlichem Bakschisch. Um 12¼ zurück.
592 4531 2397 4765 Wieder sehr gutes trockenes Wetter
575 4691 3850 4879 Reis geht zu Ende, schicke daher d. Träger morgen zu Fuß nach Haus.
543 4781 1057 5004 Ablöhnung.
