4292 5213
284 259 421 322 52
467 310 3725 484 letzten beiden Regenzeiten zu sehen u. durch Kahlheit oder
484 466 3799 624 Beginn neuer Vegetation zu unterscheiden. Eine gewaltige
473 644 3590 803 Erosionsmenge! Oben am Rande will Eckenbrecher
469 771 3694 948 sein Haus aufbauen, was bei der herrlichen Fernsicht
499 930 3644 1093 erklärlich ist aber nicht unbedenklich scheint. Er selbst
485 1087 3724 1247 seit einigen Tagen in Lindi. Auch seine Schamba - schon
501 1241 3738 1417 recht groß! - hat er bis zum Rande gerodet, hoffentlich
505 1396 3740 1594 bleiben ein paar schön große Bäume stehen, schon um
531 1554 3741 1753 nicht eine zu große Verdunstungsfläche zu schaffen, wo
539 1690 3805 1914 alles für d. Kautschuk doch wichtige Wasser ohnehin schlecht
607 1913 1677 2077 in d. Tiefe sickert.
800 1990 3591 2266 14. Oct. Route zum Nkanga u. bis nach Nanembo
667 2134 3634 2412 aufgenommen, ein großer Stumpfsinn, der jegliche
681 2325 3551 2556 andre Beobachtung ausschließt. Jeder Neger mit
692 2442 3711 2750 einem höflichen „Jambo“ oder eine frische Löwen„
683 2621 3851 2905 spur stört in dem hirnerweichenden Schrittezählen, weil
680 2801 3850 3064 alles „ablenkt“. Außerdem schreite ich gern aus u. liebe
681 2941 3861 3206 nicht alle 50 Schritt stehen zu bleiben. Am Nkanga kurze
658 3070 3813 3370 Rast, da aber Brücke solide befunden, nicht auf Ankunft
741 3209 3791 3529 der Wangonis gewartet. Mittagsrast im shauri-Hause
732 3379 3744 3695 auf Lutende. D. Noto-Jumbe, der zu meiner Begrü„
697 3546 3688 3860 ßung von Lindi zurück geeilt ist, begleitet mich
701 3697 3815 4015 wieder hinunter u. bringt ein dürres, altes, verhunzeltes
657 3874 3812 4160 Weib mit, das gestern in meiner Anwesenheit unter d.
684 4037 3780 4320 Anklage eingeliefert wurde, ihre 2 Kinder getötet u.
680 4194 3833 4471 gefressen zu haben. In ein Blatt gehüllt zeigte man mir
696 4365 3733 4627 auch ein aus den Knochen bereitetes Zaubermittel, das
700 4548 3853 4763 in irgend einem Zusammenhange mit ihren Genitalien
685 4780 1017 4916 stand.
