<?xml version="1.0" encoding="UTF-8" standalone="yes"?>
<PcGts xmlns="http://schema.primaresearch.org/PAGE/gts/pagecontent/2013-07-15" xmlns:xsi="http://www.w3.org/2001/XMLSchema-instance" xsi:schemaLocation="http://schema.primaresearch.org/PAGE/gts/pagecontent/2013-07-15 http://schema.primaresearch.org/PAGE/gts/pagecontent/2013-07-15/pagecontent.xsd">
    <Metadata>
        <Creator>prov=University of Rostock/Institute of Mathematics/CITlab/Tobias Gruening/tobias.gruening@uni-rostock.de:name=/net_tf/LA73_249_0mod360.pb:de.uros.citlab.segmentation.CITlab_LA_ML:v=2.4.1
TRP</Creator>
        <Created>2019-08-02T07:17:35.299+02:00</Created>
        <LastChange>2019-09-03T11:05:20.906+02:00</LastChange>
        <TranskribusMetadata docId="190842" pageId="7550906" pageNr="25" tsid="14811528" status="GT" userId="34979" imgUrl="https://files.transkribus.eu/Get?id=FPUEZRFOLOOJQMHWFSOJGNIQ&amp;fileType=view" xmlUrl="https://files.transkribus.eu/Get?id=WGJFPBHDBTMRLKYUSIYQEZZH" imageId="4551784"/>
    </Metadata>
    <Page imageFilename="UAT_407_081_025.jpg" imageWidth="4292" imageHeight="5214">
        <ReadingOrder>
            <OrderedGroup id="ro_1612256472385" caption="Regions reading order">
                <RegionRefIndexed index="0" regionRef="r4"/>
            </OrderedGroup>
        </ReadingOrder>
        <TextRegion orientation="0.0" id="r4" custom="readingOrder {index:0;}">
            <Coords points="475,257 475,4982 3966,4982 3966,257"/>
            <TextLine id="r4l1" custom="readingOrder {index:0;} structure {type:page-number;}">
                <Coords points="3815,378 3841,381 3868,382 3894,384 3921,386 3921,265 3894,263 3868,261 3841,260 3815,257"/>
                <Baseline points="3815,338 3841,341 3868,342 3894,344 3921,346"/>
                <TextEquiv>
                    <Unicode>23</Unicode>
                </TextEquiv>
            </TextLine>
            <TextLine id="r4l2" custom="readingOrder {index:1;}">
                <Coords points="481,493 644,489 807,484 971,479 1134,473 1297,466 1461,460 1624,454 1787,447 1951,441 2114,435 2277,429 2441,424 2604,421 2767,418 2931,416 3094,416 3257,418 3421,420 3584,425 3748,432 3748,311 3584,304 3421,299 3257,297 3094,295 2931,295 2767,297 2604,300 2441,303 2277,308 2114,314 1951,320 1787,326 1624,333 1461,339 1297,345 1134,352 971,358 807,363 644,368 481,372"/>
                <Baseline points="481,453 644,449 807,444 971,439 1134,433 1297,426 1461,420 1624,414 1787,407 1951,401 2114,395 2277,389 2441,384 2604,381 2767,378 2931,376 3094,376 3257,378 3421,380 3584,385 3748,392"/>
                <TextEquiv>
                    <Unicode>Vorm. in einigen nahen Gräben gezeichnet.</Unicode>
                </TextEquiv>
            </TextLine>
            <TextLine id="r4l3" custom="readingOrder {index:2;}">
                <Coords points="475,662 643,660 812,658 980,654 1149,649 1318,643 1486,636 1655,630 1823,623 1992,616 2161,610 2329,604 2498,599 2666,595 2835,593 3004,592 3172,593 3341,596 3509,601 3678,609 3847,619 3847,498 3678,488 3509,480 3341,475 3172,472 3004,471 2835,472 2666,474 2498,478 2329,483 2161,489 1992,495 1823,502 1655,509 1486,515 1318,522 1149,528 980,533 812,537 643,539 475,541"/>
                <Baseline points="475,622 643,620 812,618 980,614 1149,609 1318,603 1486,596 1655,590 1823,583 1992,576 2161,570 2329,564 2498,559 2666,555 2835,553 3004,552 3172,553 3341,556 3509,561 3678,569 3847,579"/>
                <TextEquiv>
                    <Unicode>Nachm. zu einem Graben, nachher Poscho ausge„</Unicode>
                </TextEquiv>
            </TextLine>
            <TextLine id="r4l4" custom="readingOrder {index:3;}">
                <Coords points="509,845 677,841 845,837 1013,832 1181,826 1350,821 1518,815 1686,809 1854,802 2022,796 2191,791 2359,786 2527,781 2695,777 2863,774 3032,772 3200,771 3368,771 3536,773 3704,777 3873,781 3873,660 3704,656 3536,652 3368,650 3200,650 3032,651 2863,653 2695,656 2527,660 2359,665 2191,670 2022,675 1854,681 1686,688 1518,694 1350,700 1181,705 1013,711 845,716 677,720 509,724"/>
                <Baseline points="509,805 677,801 845,797 1013,792 1181,786 1350,781 1518,775 1686,769 1854,762 2022,756 2191,751 2359,746 2527,741 2695,737 2863,734 3032,732 3200,731 3368,731 3536,733 3704,737 3873,741"/>
                <TextEquiv>
                    <Unicode>zahlt; gleich darauf mit Ali nach Mtapaia nachge„</Unicode>
                </TextEquiv>
            </TextLine>
            <TextLine id="r4l5" custom="readingOrder {index:4;}">
                <Coords points="502,1048 634,1043 767,1037 899,1031 1032,1025 1164,1020 1297,1014 1429,1007 1562,1002 1694,996 1827,990 1960,985 2092,979 2225,973 2357,968 2490,962 2622,957 2755,952 2887,947 3020,942 3153,937 3153,816 3020,821 2887,826 2755,831 2622,836 2490,841 2357,847 2225,852 2092,858 1960,864 1827,869 1694,875 1562,881 1429,886 1297,893 1164,899 1032,904 899,910 767,916 634,922 502,927"/>
                <Baseline points="502,1008 634,1003 767,997 899,991 1032,985 1164,980 1297,974 1429,967 1562,962 1694,956 1827,950 1960,945 2092,939 2225,933 2357,928 2490,922 2622,917 2755,912 2887,907 3020,902 3153,897"/>
                <TextEquiv>
                    <Unicode>zogen. Zelt beim Karani aufgestellt.</Unicode>
                </TextEquiv>
            </TextLine>
            <TextLine id="r4l6" custom="readingOrder {index:5;} textStyle {offset:0; length:20;underlined:true; fontSize:0.0; kerning:0;}">
                <Coords points="663,1231 819,1229 976,1225 1133,1220 1289,1214 1446,1207 1603,1198 1759,1189 1916,1180 2073,1170 2230,1161 2386,1151 2543,1140 2700,1132 2856,1123 3013,1114 3170,1107 3326,1100 3483,1096 3640,1092 3797,1089 3797,968 3640,971 3483,975 3326,979 3170,986 3013,993 2856,1002 2700,1011 2543,1019 2386,1030 2230,1040 2073,1049 1916,1059 1759,1068 1603,1077 1446,1086 1289,1093 1133,1099 976,1104 819,1108 663,1110"/>
                <Baseline points="663,1191 819,1189 976,1185 1133,1180 1289,1174 1446,1167 1603,1158 1759,1149 1916,1140 2073,1130 2230,1121 2386,1111 2543,1100 2700,1092 2856,1083 3013,1074 3170,1067 3326,1060 3483,1056 3640,1052 3797,1049"/>
                <TextEquiv>
                    <Unicode>Sonntag d. 10. Juli: Vorm. auf Jagd. Noch in der</Unicode>
                </TextEquiv>
            </TextLine>
            <TextLine id="r4l7" custom="readingOrder {index:6;}">
                <Coords points="545,1452 705,1442 865,1432 1026,1421 1186,1412 1346,1402 1507,1392 1667,1382 1827,1373 1988,1364 2148,1355 2308,1346 2469,1336 2629,1327 2789,1319 2950,1310 3110,1301 3270,1292 3431,1284 3591,1275 3752,1267 3752,1147 3591,1155 3431,1164 3270,1172 3110,1181 2950,1190 2789,1199 2629,1207 2469,1216 2308,1226 2148,1235 1988,1244 1827,1253 1667,1262 1507,1272 1346,1282 1186,1292 1026,1301 865,1312 705,1322 545,1332"/>
                <Baseline points="545,1412 705,1402 865,1392 1026,1381 1186,1372 1346,1362 1507,1352 1667,1342 1827,1333 1988,1324 2148,1315 2308,1306 2469,1296 2629,1287 2789,1279 2950,1270 3110,1261 3270,1252 3431,1244 3591,1235 3752,1227"/>
                <TextEquiv>
                    <Unicode>Dunkelheit um 5 aufgebrochen, um die angeblichen</Unicode>
                </TextEquiv>
            </TextLine>
            <TextLine id="r4l8" custom="readingOrder {index:7;}">
                <Coords points="555,1623 715,1622 876,1619 1036,1613 1197,1606 1358,1597 1518,1587 1679,1575 1839,1563 2000,1550 2161,1536 2321,1523 2482,1510 2642,1496 2803,1484 2964,1472 3124,1462 3285,1453 3445,1445 3606,1440 3767,1436 3767,1316 3606,1320 3445,1325 3285,1333 3124,1342 2964,1352 2803,1364 2642,1376 2482,1390 2321,1403 2161,1416 2000,1430 1839,1443 1679,1455 1518,1467 1358,1477 1197,1486 1036,1493 876,1499 715,1502 555,1503"/>
                <Baseline points="555,1583 715,1582 876,1579 1036,1573 1197,1566 1358,1557 1518,1547 1679,1535 1839,1523 2000,1510 2161,1496 2321,1483 2482,1470 2642,1456 2803,1444 2964,1432 3124,1422 3285,1413 3445,1405 3606,1400 3767,1396"/>
                <TextEquiv>
                    <Unicode>Barappi u. Ndomdala in den Bohnen abzufassen.</Unicode>
                </TextEquiv>
            </TextLine>
            <TextLine id="r4l9" custom="readingOrder {index:8;}">
                <Coords points="547,1811 706,1798 866,1785 1026,1773 1185,1761 1345,1750 1505,1739 1664,1730 1824,1720 1984,1710 2144,1701 2303,1692 2463,1684 2623,1676 2782,1668 2942,1661 3102,1653 3261,1645 3421,1638 3581,1631 3741,1624 3741,1503 3581,1510 3421,1517 3261,1524 3102,1532 2942,1540 2782,1547 2623,1555 2463,1563 2303,1571 2144,1580 1984,1589 1824,1599 1664,1609 1505,1618 1345,1629 1185,1640 1026,1652 866,1664 706,1677 547,1690"/>
                <Baseline points="547,1771 706,1758 866,1745 1026,1733 1185,1721 1345,1710 1505,1699 1664,1690 1824,1680 1984,1670 2144,1661 2303,1652 2463,1644 2623,1636 2782,1628 2942,1621 3102,1613 3261,1605 3421,1598 3581,1591 3741,1584"/>
                <TextEquiv>
                    <Unicode>Keine Spuren. Streckenweis abgebrannt, aber</Unicode>
                </TextEquiv>
            </TextLine>
            <TextLine id="r4l10" custom="readingOrder {index:9;}">
                <Coords points="554,1981 719,1968 884,1955 1049,1943 1214,1931 1379,1921 1544,1910 1709,1900 1874,1892 2039,1883 2205,1875 2370,1868 2535,1861 2700,1855 2865,1850 3030,1845 3195,1841 3360,1838 3525,1835 3690,1833 3856,1831 3856,1710 3690,1712 3525,1714 3360,1717 3195,1720 3030,1724 2865,1729 2700,1734 2535,1740 2370,1747 2205,1754 2039,1762 1874,1771 1709,1779 1544,1789 1379,1800 1214,1810 1049,1822 884,1834 719,1847 554,1860"/>
                <Baseline points="554,1941 719,1928 884,1915 1049,1903 1214,1891 1379,1881 1544,1870 1709,1860 1874,1852 2039,1843 2205,1835 2370,1828 2535,1821 2700,1815 2865,1810 3030,1805 3195,1801 3360,1798 3525,1795 3690,1793 3856,1791"/>
                <TextEquiv>
                    <Unicode>meist durch Gras, wenn auch z. T. niedriges.</Unicode>
                </TextEquiv>
            </TextLine>
            <TextLine id="r4l11" custom="readingOrder {index:10;}">
                <Coords points="561,2150 712,2143 864,2134 1015,2125 1167,2115 1319,2105 1470,2095 1622,2085 1773,2076 1925,2066 2077,2056 2228,2047 2380,2039 2531,2032 2683,2025 2835,2020 2986,2016 3138,2012 3289,2011 3441,2010 3593,2012 3593,1891 3441,1889 3289,1890 3138,1891 2986,1895 2835,1899 2683,1904 2531,1911 2380,1918 2228,1926 2077,1935 1925,1945 1773,1955 1622,1964 1470,1974 1319,1984 1167,1994 1015,2004 864,2013 712,2022 561,2029"/>
                <Baseline points="561,2110 712,2103 864,2094 1015,2085 1167,2075 1319,2065 1470,2055 1622,2045 1773,2036 1925,2026 2077,2016 2228,2007 2380,1999 2531,1992 2683,1985 2835,1980 2986,1976 3138,1972 3289,1971 3441,1970 3593,1972"/>
                <TextEquiv>
                    <Unicode>Öfters Tieren auf der Spur, die wir auch</Unicode>
                </TextEquiv>
            </TextLine>
            <TextLine id="r4l12" custom="readingOrder {index:11;}">
                <Coords points="585,2306 749,2301 914,2294 1079,2287 1243,2279 1408,2272 1573,2263 1737,2255 1902,2245 2067,2237 2232,2228 2396,2219 2561,2210 2726,2201 2890,2192 3055,2184 3220,2176 3384,2169 3549,2161 3714,2155 3879,2149 3879,2028 3714,2034 3549,2040 3384,2048 3220,2055 3055,2063 2890,2071 2726,2080 2561,2089 2396,2098 2232,2107 2067,2116 1902,2124 1737,2134 1573,2142 1408,2151 1243,2158 1079,2166 914,2173 749,2180 585,2185"/>
                <Baseline points="585,2266 749,2261 914,2254 1079,2247 1243,2239 1408,2232 1573,2223 1737,2215 1902,2205 2067,2197 2232,2188 2396,2179 2561,2170 2726,2161 2890,2152 3055,2144 3220,2136 3384,2129 3549,2121 3714,2115 3879,2109"/>
                <TextEquiv>
                    <Unicode>hörten oder entspringen sahen, die sich jedoch</Unicode>
                </TextEquiv>
            </TextLine>
            <TextLine id="r4l13" custom="readingOrder {index:12;}">
                <Coords points="553,2463 707,2456 861,2449 1016,2443 1170,2436 1324,2429 1479,2422 1633,2417 1787,2410 1942,2403 2096,2397 2250,2390 2405,2384 2559,2378 2713,2371 2868,2364 3022,2357 3176,2351 3331,2344 3485,2337 3640,2330 3640,2209 3485,2216 3331,2223 3176,2230 3022,2236 2868,2243 2713,2250 2559,2257 2405,2263 2250,2269 2096,2276 1942,2282 1787,2289 1633,2296 1479,2301 1324,2308 1170,2315 1016,2322 861,2328 707,2335 553,2342"/>
                <Baseline points="553,2423 707,2416 861,2409 1016,2403 1170,2396 1324,2389 1479,2382 1633,2377 1787,2370 1942,2363 2096,2357 2250,2350 2405,2344 2559,2338 2713,2331 2868,2324 3022,2317 3176,2311 3331,2304 3485,2297 3640,2290"/>
                <TextEquiv>
                    <Unicode>stets ohne Schwierigkeit im Grase verbergen</Unicode>
                </TextEquiv>
            </TextLine>
            <TextLine id="r4l14" custom="readingOrder {index:13;}">
                <Coords points="595,2614 758,2606 921,2597 1084,2589 1248,2582 1411,2577 1574,2571 1738,2564 1901,2559 2064,2554 2228,2549 2391,2543 2554,2539 2717,2533 2881,2527 3044,2521 3207,2514 3371,2507 3534,2498 3697,2489 3861,2479 3861,2358 3697,2368 3534,2377 3371,2386 3207,2393 3044,2400 2881,2406 2717,2412 2554,2418 2391,2422 2228,2428 2064,2433 1901,2438 1738,2443 1574,2450 1411,2456 1248,2461 1084,2468 921,2476 758,2485 595,2493"/>
                <Baseline points="595,2574 758,2566 921,2557 1084,2549 1248,2542 1411,2537 1574,2531 1738,2524 1901,2519 2064,2514 2228,2509 2391,2503 2554,2499 2717,2493 2881,2487 3044,2481 3207,2474 3371,2467 3534,2458 3697,2449 3861,2439"/>
                <TextEquiv>
                    <Unicode>konnten. Die vielen ortsansessigen Begleiter</Unicode>
                </TextEquiv>
            </TextLine>
            <TextLine id="r4l15" custom="readingOrder {index:14;}">
                <Coords points="600,2794 753,2778 907,2763 1060,2751 1214,2741 1368,2731 1521,2724 1675,2718 1829,2713 1982,2709 2136,2706 2290,2702 2443,2700 2597,2698 2751,2695 2904,2692 3058,2689 3212,2686 3365,2681 3519,2676 3673,2669 3673,2548 3519,2555 3365,2560 3212,2565 3058,2568 2904,2571 2751,2574 2597,2577 2443,2579 2290,2581 2136,2585 1982,2588 1829,2592 1675,2597 1521,2603 1368,2610 1214,2620 1060,2630 907,2642 753,2657 600,2673"/>
                <Baseline points="600,2754 753,2738 907,2723 1060,2711 1214,2701 1368,2691 1521,2684 1675,2678 1829,2673 1982,2669 2136,2666 2290,2662 2443,2660 2597,2658 2751,2655 2904,2652 3058,2649 3212,2646 3365,2641 3519,2636 3673,2629"/>
                <TextEquiv>
                    <Unicode>wußten weder, wo Feuer durchgegangen war,</Unicode>
                </TextEquiv>
            </TextLine>
            <TextLine id="r4l16" custom="readingOrder {index:15;}">
                <Coords points="628,2964 782,2945 936,2930 1091,2916 1245,2906 1400,2897 1554,2890 1709,2885 1863,2881 2018,2877 2172,2875 2326,2872 2481,2869 2635,2866 2790,2861 2944,2855 3099,2849 3253,2841 3408,2830 3562,2817 3717,2801 3717,2681 3562,2697 3408,2710 3253,2721 3099,2729 2944,2735 2790,2741 2635,2746 2481,2749 2326,2752 2172,2755 2018,2757 1863,2761 1709,2765 1554,2770 1400,2777 1245,2786 1091,2796 936,2810 782,2825 628,2844"/>
                <Baseline points="628,2924 782,2905 936,2890 1091,2876 1245,2866 1400,2857 1554,2850 1709,2845 1863,2841 2018,2837 2172,2835 2326,2832 2481,2829 2635,2826 2790,2821 2944,2815 3099,2809 3253,2801 3408,2790 3562,2777 3717,2761"/>
                <TextEquiv>
                    <Unicode>noch wo sich Wild aufzuhalten pflegte. Auf</Unicode>
                </TextEquiv>
            </TextLine>
            <TextLine id="r4l17" custom="readingOrder {index:16;}">
                <Coords points="604,3133 748,3116 892,3102 1036,3089 1181,3078 1325,3070 1469,3062 1613,3055 1758,3050 1902,3046 2046,3041 2190,3038 2335,3034 2479,3030 2623,3026 2767,3021 2912,3016 3056,3009 3200,3001 3344,2992 3489,2981 3489,2861 3344,2872 3200,2881 3056,2889 2912,2896 2767,2901 2623,2906 2479,2910 2335,2914 2190,2918 2046,2921 1902,2926 1758,2930 1613,2935 1469,2942 1325,2950 1181,2958 1036,2969 892,2982 748,2996 604,3013"/>
                <Baseline points="604,3093 748,3076 892,3062 1036,3049 1181,3038 1325,3030 1469,3022 1613,3015 1758,3010 1902,3006 2046,3001 2190,2998 2335,2994 2479,2990 2623,2986 2767,2981 2912,2976 3056,2969 3200,2961 3344,2952 3489,2941"/>
                <TextEquiv>
                    <Unicode>dem Rückweg dicht am Lagerplatz eine</Unicode>
                </TextEquiv>
            </TextLine>
            <TextLine id="line_1565772324036_122" custom="readingOrder {index:17;}">
                <Coords points="623,3202 3910,3070 3912,3120 625,3252"/>
                <Baseline points="625,3247 3912,3115"/>
                <TextEquiv>
                    <Unicode>Schopfantilope, junges Männchen (ugorombwe) geschossen</Unicode>
                </TextEquiv>
            </TextLine>
            <TextLine id="r4l20" custom="readingOrder {index:18;}">
                <Coords points="616,3472 770,3459 925,3448 1080,3437 1235,3428 1390,3420 1545,3413 1699,3407 1854,3401 2009,3397 2164,3393 2319,3389 2474,3386 2629,3383 2783,3380 2938,3376 3093,3373 3248,3369 3403,3364 3558,3359 3713,3353 3713,3241 3558,3247 3403,3252 3248,3257 3093,3261 2938,3264 2783,3268 2629,3271 2474,3274 2319,3277 2164,3281 2009,3285 1854,3289 1699,3295 1545,3301 1390,3308 1235,3316 1080,3325 925,3336 770,3347 616,3360"/>
                <Baseline points="616,3435 770,3422 925,3411 1080,3400 1235,3391 1390,3383 1545,3376 1699,3370 1854,3364 2009,3360 2164,3356 2319,3352 2474,3349 2629,3346 2783,3343 2938,3339 3093,3336 3248,3332 3403,3327 3558,3322 3713,3316"/>
                <TextEquiv>
                    <Unicode>u. Spuren von Elephanten gesehen, die vorige</Unicode>
                </TextEquiv>
            </TextLine>
            <TextLine id="line_1565772330900_127" custom="readingOrder {index:19;}">
                <Coords points="649,3550 3680,3451 3681,3501 650,3600"/>
                <Baseline points="650,3595 3681,3496"/>
                <TextEquiv>
                    <Unicode>Nacht durch gekommen waren. Schon um 9 Uhr</Unicode>
                </TextEquiv>
            </TextLine>
            <TextLine id="r4l23" custom="readingOrder {index:20;}">
                <Coords points="613,3797 775,3789 937,3780 1099,3772 1261,3765 1423,3757 1585,3750 1747,3743 1909,3737 2071,3731 2233,3724 2395,3718 2557,3713 2719,3707 2881,3703 3043,3697 3205,3693 3367,3689 3529,3685 3691,3682 3853,3678 3853,3575 3691,3579 3529,3582 3367,3586 3205,3590 3043,3594 2881,3600 2719,3604 2557,3610 2395,3615 2233,3621 2071,3628 1909,3634 1747,3640 1585,3647 1423,3654 1261,3662 1099,3669 937,3677 775,3686 613,3694"/>
                <Baseline points="613,3763 775,3755 937,3746 1099,3738 1261,3731 1423,3723 1585,3716 1747,3709 1909,3703 2071,3697 2233,3690 2395,3684 2557,3679 2719,3673 2881,3669 3043,3663 3205,3659 3367,3655 3529,3651 3691,3648 3853,3644"/>
                <TextEquiv>
                    <Unicode>wieder im Zelt. Das wenige Fleisch schnell unter</Unicode>
                </TextEquiv>
            </TextLine>
            <TextLine id="r4l24" custom="readingOrder {index:21;} textStyle {offset:11; length:3;fontSize:0.0; kerning:0; superscript:true;} gap {offset:11; length:0;}">
                <Coords points="627,3986 785,3970 944,3956 1103,3944 1261,3933 1420,3923 1579,3915 1737,3908 1896,3901 2055,3895 2214,3890 2372,3886 2531,3882 2690,3878 2848,3873 3007,3869 3166,3864 3324,3859 3483,3854 3642,3847 3801,3839 3801,3742 3642,3750 3483,3757 3324,3762 3166,3767 3007,3772 2848,3776 2690,3781 2531,3785 2372,3789 2214,3793 2055,3798 1896,3804 1737,3811 1579,3818 1420,3826 1261,3836 1103,3847 944,3859 785,3873 627,3889"/>
                <Baseline points="627,3954 785,3938 944,3924 1103,3912 1261,3901 1420,3891 1579,3883 1737,3876 1896,3869 2055,3863 2214,3858 2372,3854 2531,3850 2690,3846 2848,3841 3007,3837 3166,3832 3324,3827 3483,3822 3642,3815 3801,3807"/>
                <TextEquiv>
                    <Unicode>die Anwesenden verteilt. Ging gegen 11 noch</Unicode>
                </TextEquiv>
            </TextLine>
            <TextLine id="r4l25" custom="readingOrder {index:22;}">
                <Coords points="633,4117 721,4117 810,4116 898,4114 987,4110 1076,4106 1164,4101 1253,4095 1341,4090 1430,4084 1519,4078 1607,4072 1696,4066 1784,4062 1873,4057 1962,4053 2050,4050 2139,4049 2227,4049 2316,4050 2405,4052 2405,3955 2316,3953 2227,3952 2139,3952 2050,3953 1962,3956 1873,3960 1784,3965 1696,3969 1607,3975 1519,3981 1430,3987 1341,3993 1253,3998 1164,4004 1076,4009 987,4013 898,4017 810,4019 721,4020 633,4020"/>
                <Baseline points="633,4085 721,4085 810,4084 898,4082 987,4078 1076,4074 1164,4069 1253,4063 1341,4058 1430,4052 1519,4046 1607,4040 1696,4034 1784,4030 1873,4025 1962,4021 2050,4018 2139,4017 2227,4017 2316,4018 2405,4020"/>
                <TextEquiv>
                    <Unicode>einmal aus, ohne Erfolg.</Unicode>
                </TextEquiv>
            </TextLine>
            <TextLine id="r4l26" custom="readingOrder {index:23;}">
                <Coords points="806,4306 961,4301 1116,4294 1272,4286 1427,4278 1583,4269 1738,4259 1894,4250 2049,4239 2205,4229 2360,4218 2515,4208 2671,4197 2826,4188 2982,4178 3137,4168 3293,4160 3448,4152 3604,4145 3759,4138 3915,4133 3915,4012 3759,4017 3604,4024 3448,4031 3293,4039 3137,4047 2982,4057 2826,4067 2671,4076 2515,4087 2360,4097 2205,4108 2049,4118 1894,4129 1738,4138 1583,4148 1427,4157 1272,4165 1116,4173 961,4180 806,4185"/>
                <Baseline points="806,4266 961,4261 1116,4254 1272,4246 1427,4238 1583,4229 1738,4219 1894,4210 2049,4199 2205,4189 2360,4178 2515,4168 2671,4157 2826,4148 2982,4138 3137,4128 3293,4120 3448,4112 3604,4105 3759,4098 3915,4093"/>
                <TextEquiv>
                    <Unicode>Nachm. nach N in's Tal des Mkoma (neuerdings gleich</Unicode>
                </TextEquiv>
            </TextLine>
            <TextLine id="r4l27" custom="readingOrder {index:24;}">
                <Coords points="580,4470 740,4464 901,4457 1061,4450 1222,4442 1383,4435 1543,4427 1704,4419 1865,4412 2025,4404 2186,4396 2347,4389 2507,4381 2668,4374 2829,4368 2989,4361 3150,4355 3311,4350 3471,4344 3632,4339 3793,4335 3793,4214 3632,4218 3471,4223 3311,4229 3150,4234 2989,4240 2829,4247 2668,4253 2507,4260 2347,4268 2186,4275 2025,4283 1865,4291 1704,4298 1543,4306 1383,4314 1222,4321 1061,4329 901,4336 740,4343 580,4349"/>
                <Baseline points="580,4430 740,4424 901,4417 1061,4410 1222,4402 1383,4395 1543,4387 1704,4379 1865,4372 2025,4364 2186,4356 2347,4349 2507,4341 2668,4334 2829,4328 2989,4321 3150,4315 3311,4310 3471,4304 3632,4299 3793,4295"/>
                <TextEquiv>
                    <Unicode>einem andern Fluß Lilahi genannt, was ich be„</Unicode>
                </TextEquiv>
            </TextLine>
            <TextLine id="r4l28" custom="readingOrder {index:25;}">
                <Coords points="555,4645 709,4633 864,4621 1018,4612 1173,4602 1328,4593 1482,4585 1637,4578 1792,4571 1946,4565 2101,4560 2256,4555 2410,4551 2565,4546 2720,4542 2874,4539 3029,4536 3184,4533 3338,4531 3493,4528 3648,4526 3648,4405 3493,4407 3338,4410 3184,4412 3029,4415 2874,4418 2720,4421 2565,4425 2410,4430 2256,4434 2101,4439 1946,4444 1792,4450 1637,4457 1482,4464 1328,4472 1173,4481 1018,4491 864,4500 709,4512 555,4524"/>
                <Baseline points="555,4605 709,4593 864,4581 1018,4572 1173,4562 1328,4553 1482,4545 1637,4538 1792,4531 1946,4525 2101,4520 2256,4515 2410,4511 2565,4506 2720,4502 2874,4499 3029,4496 3184,4493 3338,4491 3493,4488 3648,4486"/>
                <TextEquiv>
                    <Unicode>kämpfte). Schön abgebrannt. Perlhühner gesehen,</Unicode>
                </TextEquiv>
            </TextLine>
            <TextLine id="r4l29" custom="readingOrder {index:26;}">
                <Coords points="558,4815 728,4799 898,4785 1069,4773 1239,4762 1410,4753 1580,4745 1750,4738 1921,4733 2091,4728 2262,4725 2432,4723 2602,4721 2773,4720 2943,4719 3114,4719 3284,4719 3454,4719 3625,4719 3795,4719 3966,4720 3966,4599 3795,4598 3625,4598 3454,4598 3284,4598 3114,4598 2943,4598 2773,4599 2602,4600 2432,4602 2262,4604 2091,4607 1921,4612 1750,4617 1580,4624 1410,4632 1239,4641 1069,4652 898,4664 728,4678 558,4694"/>
                <Baseline points="558,4775 728,4759 898,4745 1069,4733 1239,4722 1410,4713 1580,4705 1750,4698 1921,4693 2091,4688 2262,4685 2432,4683 2602,4681 2773,4680 2943,4679 3114,4679 3284,4679 3454,4679 3625,4679 3795,4679 3966,4680"/>
                <TextEquiv>
                    <Unicode>2 junge Warzenschweine geschossen, aber nicht mehr</Unicode>
                </TextEquiv>
            </TextLine>
            <TextLine id="r4l30" custom="readingOrder {index:27;}">
                <Coords points="514,4982 543,4982 572,4982 601,4982 630,4980 659,4979 688,4978 717,4976 746,4974 775,4972 804,4970 833,4968 862,4966 891,4964 920,4962 949,4961 978,4959 1007,4958 1036,4958 1065,4957 1095,4957 1095,4836 1065,4836 1036,4837 1007,4837 978,4838 949,4840 920,4841 891,4843 862,4845 833,4847 804,4849 775,4851 746,4853 717,4855 688,4857 659,4858 630,4859 601,4861 572,4861 543,4861 514,4861"/>
                <Baseline points="514,4942 543,4942 572,4942 601,4942 630,4940 659,4939 688,4938 717,4936 746,4934 775,4932 804,4930 833,4928 862,4926 891,4924 920,4922 949,4921 978,4919 1007,4918 1036,4918 1065,4917 1095,4917"/>
                <TextEquiv>
                    <Unicode>geborgen.</Unicode>
                </TextEquiv>
            </TextLine>
            <TextEquiv>
                <Unicode>23
Vorm. in einigen nahen Gräben gezeichnet.
Nachm. zu einem Graben, nachher Poscho ausge„
zahlt; gleich darauf mit Ali nach Mtapaia nachge„
zogen. Zelt beim Karani aufgestellt.
Sonntag d. 10. Juli: Vorm. auf Jagd. Noch in der
Dunkelheit um 5 aufgebrochen, um die angeblichen
Barappi u. Ndomdala in den Bohnen abzufassen.
Keine Spuren. Streckenweis abgebrannt, aber
meist durch Gras, wenn auch z. T. niedriges.
Öfters Tieren auf der Spur, die wir auch
hörten oder entspringen sahen, die sich jedoch
stets ohne Schwierigkeit im Grase verbergen
konnten. Die vielen ortsansessigen Begleiter
wußten weder, wo Feuer durchgegangen war,
noch wo sich Wild aufzuhalten pflegte. Auf
dem Rückweg dicht am Lagerplatz eine
Schopfantilope, junges Männchen (ugorombwe) geschossen
u. Spuren von Elephanten gesehen, die vorige
Nacht durch gekommen waren. Schon um 9 Uhr
wieder im Zelt. Das wenige Fleisch schnell unter
die Anwesenden verteilt. Ging gegen 11 noch
einmal aus, ohne Erfolg.
Nachm. nach N in's Tal des Mkoma (neuerdings gleich
einem andern Fluß Lilahi genannt, was ich be„
kämpfte). Schön abgebrannt. Perlhühner gesehen,
2 junge Warzenschweine geschossen, aber nicht mehr
geborgen.</Unicode>
            </TextEquiv>
        </TextRegion>
    </Page>
</PcGts>
