4292 5213
270 239 529 454 114
622 242 3953 543 20.III. Herr Hausmann nach S, ich nach W. Verfolgte über
402 407 3982 802 2 Stunden Spuren einer Kongoni-Herde, bis im buschreicheren
452 616 3845 903 Tal des Lungerengere die Tiere aufsprangen. Leider nur
429 788 3983 1094 schlecht gesehen u. durch's Gebüsch Zweimal vergeblich geschossen.
386 944 3781 1170 Sonst in dem unermeßlichen u. sicher wildreichen
484 1127 3905 1410 Ideal-Jagdrevier nichts gesehen, vor allem zu meinem
436 1328 3765 1578 Bedauern keine Kudu's. Im Mikesse-Lager um 12. Hr.
513 1498 3652 1686 Sattler fährt nach Mrogoro. Post nicht gekommen.
677 1638 3853 1928 21.III. Vorm. auf Aussichtspunkt. D. Uluguru-Spitzen
486 1819 3821 2119 leider ständig von Wolken verdeckt, so daß ich weder
468 1990 3713 2263 malen, noch photographieren kann. Safari-Pläne, ich
471 2174 3751 2440 mag nicht so müßig sitzen im Wunderland. Leider noch
454 2314 1766 2582 keine Karten u. Träger.
714 2413 3795 2688 22.III. Morgens mit 2 Mann auf Dintiri(?)-Berg
606 2653 3801 2882 nördl. vom Lager. Anstieg nicht schwer, aber trotz früher
641 2830 3881 3083 Stunde sehr heiß. Schon auf halber Höhe alte Kudu-
551 2927 3825 3245 Spuren. Die Wanderung auf der Kammhöhe selbst
641 3080 3931 3410 war in hohem Gras u. dichtem Busch das Schwierigste.
588 3260 3785 3578 Mehrfach ganz frische Kudu-Spuren; aber kein Tier.
608 3448 3909 3755 Schöne Blicke nach allen Seiten, besonders von der
623 3606 3806 3835 nördlichen höchsten Spitze. Uluguru, Nguru u. die
637 3747 3886 4073 ganze Zahl der Einzelberge. Leider auch heut
594 3903 3992 4214 nicht klar. Viele Teile ganz verschwommen durch
546 4142 3907 4390 Regen, alle Spitzen abgeschnitten. Durch fürchter„
609 4294 3949 4590 lichen Busch nach N. O. abwärts, durch ewige Felder
694 4488 2398 4735 zurück; im Lager um 12.
850 4591 3991 4920 Es treffen Wanguru mit wildem Kautschuk u. einige
