4292 5213
3750 219 4018 393 129
405 225 3828 445 22. April: Schickte d. Leute zum Jumben nahe d. vorjährigen
433 392 3809 665 Lager bei km. 118 voraus, 2 fundi's in den Kinkelin'schen
385 597 3888 801 Steinbruch, u. machte selbst einen Abstecher nach N. 2 Tage
436 689 4010 953 darauf zu verwenden schien mir bei den anscheinend gleich„
415 839 3963 1091 bleibenden Schichten u. den mäßigen Erfolgen Bornhardt's
431 1046 4016 1314 nicht angebracht, doch hatte dieser zwischen Nsundo- u. Gumba-
434 1140 3977 1456 Bach einige Fossilfunde gemacht u. ich wollte Anschluß an
445 1309 3948 1656 sein Profil finden. Durch dichtes Gras über den Kugu-Bach zu
456 1510 3610 1793 dem alten Jumben, der mir damals die reizende
476 1566 3915 1962 Ukhwere-ngoma zeigte. Da alle Leute im Felde beschäftigt,
475 1896 3898 2110 führte er mich selbst. Nach 1½ Std. hatte ich nur an wenigen
470 1979 3954 2252 Stellen die immer gleichen braunen Sandsteine gesehen
472 2186 3915 2407 u. d. Gumba war noch nicht erreicht. Dort vermutete ich
464 2322 3627 2595 aber erst d. Hälfte des Weges u. wollte lieber zum
458 2474 3825 2708 Kinkelin-Bruch umkehren. Hörte jedoch, daß ich auf einem
462 2663 3785 2906 östlicheren Wege zurückgehen könnte, was mir wegen der
503 2827 3963 3048 im Norden v. Bornh. eingetragenen Kreidezone (Cenoman)
476 2992 3814 3303 von Wichtigkeit war. Der Abstecher war sehr ergebnisreich,
499 3142 3659 3438 zumal mich der gute Alte sehr verständig noch zum
537 3278 3931 3610 Sude-Bache führte, wo er große Felsblöcke wußte. Auf d.
451 3437 3773 3753 Wege nach O. fand sich innerhalb der Plateauhöhe, die mit
492 3666 3921 3926 schönem lichten Wald u. hüft- bis brusthohem Grase bestanden
462 3817 4044 4038 war (herrliches Jagdrevier, aber leider fast ohne Wild), eine größere
761 3962 1100 4105 Eryma!!
469 3966 3914 4177 Schnecke in vereinzelter Kalkknolle, darunter feste gut-plattende
473 4095 3946 4331 Sandsteine, darunter ein Gestein erfüllt mit kleinen Austern, das
487 4292 3877 4525 auch meine fundi's inzwischen bei km 121 ausbeuteten, zu
425 4449 3906 4719 unterst in dem nach WNW abfließenden (trocknen) Sude große
400 4620 3990 4849 Sandsteinblöcke, leer aber vielfach mit Löchern wie von herausge„
427 4745 3632 5000 witterten Belemniten durchsetzt. Am rechten Ufer fand ich
