4292 5213
336 207 571 371 142
418 230 3809 527 14. Juni: Wieder wolkenlos, doch angenehm. Abrechnung für
751 422 1767 728 Janensch gemacht.
424 574 3958 898 15.VI: Morgens wieder klar, doch schon früh (ca 9h) dunstig wie in
582 741 3865 1076 d. Trockenzeit üblich (die Grasbrände haben seit etlichen
604 958 1608 1243 Tagen begonnen)
823 1101 3014 1317 Meine Jura-Arbeit vorgenommen.
457 1224 3315 1538 16.VI. Viel Wolkenbildung, fast regendrohend.
463 1376 3940 1677 17 „ Poschotag. Post! Von Haus das stereotype „Alles beim
561 1609 3906 1827 Alten“. Nun ich will schon zufrieden sein, wenn's nicht
537 1734 2104 2033 schlechter wird als früher.
214 1835 3843 2234 Sonntag d. 18.VI: Gekommene Zeitschriften studiert. Brief
729 2049 3697 2359 an Stremme über rote Böden. Martonne gelesen.
696 2217 3724 2557 Da morgens Löwen gehört wurden (schon seit dem
641 2373 3823 2724 Tage nach Staffs Ankunft, wenn auch mit kl. Pause grade
591 2551 3898 2866 in d. letzten Tagen) u. heut zum ersten Mal auch Spuren
579 2767 3845 3036 unmittelbar an unserer huhnbesetzten Falle unten auf d.
590 2960 3927 3188 Barrabarra vorbeiführten, setzte ich abends d. Falle in
590 3057 3950 3308 d. Weg selbst. Noch gebe ich d. Hoffnung nicht auf, Löwen
576 3211 3899 3544 auch außerhalb Europas zu sehen. Abds. hörte man es
564 3367 2801 3661 wieder von d. Lindi-Straße her.
794 3587 3611 3866 D. Akide hatte sich f. heut angesagt u. ohne mein
550 3755 3675 4018 Wissen hat er auch die Jumben herbeordert zum
595 3888 3853 4155 Verpflegungsschauri. Einer der Fürstlichkeiten (Karani) mußte gele„
610 4072 4019 4313 gentlich seiner Antrittsvisite Prügel bekommen. Erwünschte Proviant„
616 4242 1176 4483 begleitung.
