4292 5213
3871 259 3965 318 81
490 302 3902 420 Sonntag d. 25. Dez: Janensch hat natürlich die Post bis zum
525 478 4004 546 letzten Augenblick verschoben, der Bote kommt erst nachm.
531 563 3672 726 fort. Regen, doch nicht das, was man in Europa
549 715 2091 907 „schlechtes Wetter“ nennt.
786 873 3973 1088 26. Dez. Lasten abgesandt, in Graben X (Stegosaurier-Pha„
554 1083 1643 1236 langen) abgeschlossen.
764 1141 4067 1399 27. Dez. Um die „Tendag.-Stufe“ u. einen vorige Pfingsten (1909)
633 1305 3963 1578 gesehenen Fossilfundort nochmals zu besichtigen, vom Lager
575 1485 3799 1746 ostwärts bis zum Lipogiro-Zuge, an dessen höchster Stelle ich
571 1634 4003 1891 ein gutes Profil fand, leider die einzige Ausbeute des
594 1912 1194 2067 Ausflugs:
1384 1817 4053 1960 Sandsteine, mürbe, doch fast genug um Steilabsturz zu bilden.
1372 1938 4071 2080 Lage der groben Gerölle, die weiter südlich d. Boden bedecken.
1382 2061 3705 2206 Sandsteine, wie oben, von etwas andrer Färbung.
1366 2217 2201 2351 „Tendaguru-Stufe“
723 2324 3993 2607 Danach könnte das Ganze einfach ein stehen gebliebener
719 2485 4077 2746 Teil der über d. Tendag.-Stufe folgenden Makonde-Schichten
679 2647 3831 2896 sein. Auffallend in hohem Grade ist aber die Gerölllage,
675 2811 3997 3055 über die ich mich nicht zu täuschen glaube, da die groben Gerölle
673 2967 4057 3203 von einer bestimmten Höhe ab ringsum den Abhang bedeck„
689 3127 3835 3353 ten wie sonst wohl die Oberfläche, die hier vollkommen
693 3293 4011 3509 frei blieb. Da die Stücke bereits hier wohlgerundet erschie„
696 3438 3814 3660 nen müssen sie m. E. als Flußablagerung (bezw. Delta-
654 3617 3749 3803 Mündung?) aufgefaßt werden, fragt sich nur, ob im
655 3777 3679 3941 regelmäßigen Verbande der Makonde-Sch. oder als
639 3930 3931 4091 pluviatile Ablagerung bei der Abtragung der Plateaus.
648 4085 3722 4235 Ich habe bisher meist feste grobe Konglomerate (rote
614 4253 3788 4481 „Nkanga-Sandsteine‟) in dieser Lage gefunden, deren
603 4433 3768 4594 Korn auch nicht ganz so groß ist, u. die mir dasselbe
605 4595 3989 4751 Rätsel aufgeben, nämlich daß sie anscheinend „Newala-Sandst.“
590 4748 3893 4911 also ein jüngeres Gebilde enthielten, im übrigen meist Quarz.
254 2646 472 2708 ,
314 2769 568 2832 jung?
