4292 5213
3866 272 3942 391 41
496 327 3632 446 Sonntag d. 28. Aug: Mir waren seit einiger Zeit
567 486 3772 619 Büffel, Zebra, Barappi nahe Nanundo gemeldet. Jetzt
645 617 4010 755 schienen sich die Leute über d. einzuschlagende Richtung
541 764 3991 925 nicht ganz einig, ich setzte daher durch, daß wir wenig„
547 932 3871 1082 stens zunächst am Mbenkuru selbst suchten, soweit
579 1061 3970 1233 gebrannt war. Herrliche Vegetations- u. Landschafts-
579 1220 3959 1392 Bilder am Morgen, mußte aber den Leuten nach„
571 1347 3769 1561 geben u. weiter oben im Walde auf hügligem
564 1518 3887 1733 Boden suchen. Zebraspuren in d. Tat, aber kein
620 1692 3958 1912 Tier, außerdem schlecht gebrannt u. langweiliges
604 1866 3962 2102 Pori. Ging daher weiter unten abermals über
627 2022 3913 2253 die Barrabarra zum Mbenkuru, der sich um eine
597 2207 3806 2413 - zu meinem höchsten Erstaunen aus Kreidesand„
585 2369 4008 2574 stein bestehende - Hügelzunge schlingt. Nur schmaler
589 2519 4006 2722 Streifen gangbar, nichts gesehen außer 2 Pudukas.
594 2688 3997 2902 Wollte von hier abends nach Ubolelo, erfuhr aber,
635 2864 4048 3052 daß ich mich nicht nur in d. Entfernung verrechnet
577 3007 3984 3211 hatte, sondern, daß auch kein direkter Weg dorthin
654 3166 3849 3371 führte. Um nicht einen Tag zugeben zu müssen,
614 3325 4003 3526 für den ich nicht ausgerüstet war, nachm. wieder
609 3497 3614 3680 zum Tendaguru zurück. Ich ohne Benutzung der
638 3658 3846 3855 Barrabarra durch die Schamben u. Graswüsten
622 3811 3929 3993 am Mbenkuru. Abermals kein Wild. Fand einen
593 3973 4025 4160 Knaben beschäftigt, Baumwolle in einen Faden
645 4149 3997 4340 zu spinnen, wozu ihm außer der geschickten Hand
603 4327 3603 4521 nur ein Stab u. ein Maiskolben dienten.
