4292 5213
3720 225 4003 385 155
549 299 4005 576 Wangoni nur ¾ Std. entfernt in Makangaga Lager errichtet
526 482 3802 742 hätten u. ging dorthin. Zu meinem höchsten Entsetzen noch
504 626 3768 909 alles Gras ganz grün u. an Brennen vorerst nicht zu
525 873 1022 1071 denken.
760 1020 3611 1305 Makangaga - ein Nebenfluß d. Linganla mit einem
581 1198 3650 1480 Sumpfsee (vgl. Makangaga des Pindiro!), dicht dabei auf
607 1369 3697 1644 einer flachen Erhebung d. Lager. Da Wasser reichlich, ein
580 1571 3632 1822 schwacher Blick auf Kiturika u. andre Erhebungen nicht
578 1717 3625 1949 in d. Nähe, die Besseres versprächen, schlug ich ebenfalls
602 1914 3686 2174 dort mein Zelt u. einem großen belaubten Baume
598 2068 3768 2350 auf. Zahlreiche umgestürzte Bäume u. Elephantenspuren
585 2295 3803 2465 aller Art. Auch Löwen u. allerhand Wild sollen sehr
615 2441 3845 2681 reichlich sein. Nun dann ist's wenigstens rechte, echte
614 2610 3737 2877 Wildnis, in der ich nun nochmals Fuß fassen soll!
