4292 5213
263 223 497 415 112
402 254 3862 572 Sonntag d. 12.III: Das Fieber kommt nicht wieder, zu„
591 427 3916 693 weilen etwas Kopfschmerz. Etwas Langeweile,
576 630 3856 836 mir behagt das Bummelleben nicht, u. wie Andre
596 784 4042 968 einen Vormittag über im Stuhl sitzen u. schwatzen,
616 843 3978 1054 bringe ich nicht fertig. Ein Glück, daß selbst unter
558 962 3783 1276 solchen Umständen d. Zeit in Afrika fliegt. Die
543 1131 3744 1459 Mittagsstunden von 11-3 sind leider gänzlich
593 1289 3825 1545 verloren, man kann sich kaum bewegen. Das
580 1497 3808 1731 blendende Daressalaam ist mir fast von 8 Uhr
609 1626 2737 1893 ab in d. Straßen eine Qual.
712 1771 3828 2047 13.III. Hospital, Besorgungen. Schach mit einer
621 1965 3692 2208 Frau v. Maltzahn, wie schon gestern. Sie hat
638 2159 3757 2396 offenbar viel Geld u. nochmehr Zeit, hat viel
621 2268 3855 2549 gesehen, interessiert sich für Alles, aber para„
604 2392 3936 2660 diert gern ein bischen mit ihrem Allerwelts-
583 2605 3774 2839 Bürgertum. Sie wird imselben Zuge wie ich
639 2725 3892 3009 fahren. Hätte ich nur schon heut fortgekonnt, es ist
610 2853 3882 3188 schmählich heiß u. ich tue nichts. Abends im Klub gekegelt.
743 3022 3796 3350 14.III. Gepäck fertig gestellt, z. T. auf d. Bahn
632 3228 1170 3455 gebracht.
714 3301 3748 3588 15.III. Ab 625 von Daressalaam nach Mikesse. Bewölkt, daher
647 3503 3758 3727 garnicht heiß im Zuge. Mit Fr. v. Maltzahn gefahren, die ohne
658 3690 3854 3917 Bedienung, nur mit einem Bettsack in Afrika reist. Fragte sie
646 3801 3667 4093 viel nach ihren Reisen durch alle Länder aus. Kluge Frau.
627 3963 3843 4252 An Mikesse 2½. Hr. Sattler m. Trägern an d. Bahn. Gepäck aber
638 4124 3782 4426 noch nicht mitgekommen. Dr. Janensch leider noch lange
663 4304 3850 4536 nicht zu erwarten, ich sitze daher etwas fest, aber schließlich
652 4486 3894 4722 bin ich d. Schuldige. Hr. Sattler hat einen Gehilfen, Hrn. Hausmann,
632 4599 3742 4877 mit diesem noch abends auf d. prächtigen Aussichtspunkt. Von
646 4805 3790 5014 dort auch die Gummi-Plantage zu übersehen, die inzwischen an
