4292 5213
3866 233 3994 348 63
427 273 3788 400 Rindböcke gesehen; Erbeutet Je 1 Nguruve, Mbongo, Perlhuhn u.
456 434 3882 553 Buschbock. Über Kindope-Gräben zurück. Bis 10 vielfach
517 579 3999 706 wolkig u. schattig, dann zwar heiß aber nicht ermattend,
488 717 3433 881 da die erste feuchte Periode offenbar vorüber ist.
618 853 4041 1063 12 Nov. Poschozahlung. Dann um 4h nachm. abmarschiert nach Nanundo,
502 983 3892 1196 Routenaufnahme nur bis Kipande, da ich zu langsam vorwärts
550 1145 3517 1313 kam u. die Dunkelheit drohte. Abends schöner Mondschein.
284 1286 3798 1478 Sonntag d. 13 Nov. Sehr früh auf der Barrabarra nach Namwirange ein Stück
530 1428 3884 1609 gegangen, schoß dabei ein nguruve, dann rechts ab in das Land
551 1556 3967 1767 zu Seiten des Mbenkuru, stellenweise Elephantengras, aber weg„
539 1676 3879 1916 sam. Kein Wild, auch nicht Spuren; über den Kipande, rechten
541 1829 3763 2058 Nebenfluß des Mbenkuru, u. diesen selbst in stellenweise
541 2004 3880 2193 unangenehmes Gras, aber scheinbar so unberührtes Land,
580 2176 3917 2311 daß man schon auf Elephanten, Büffel u. sonstiges Wild
569 2309 3869 2488 gefaßt sein durfte. Dennoch nur wenige frische Spuren
534 2468 4044 2632 von Elen-Antilopen. Einige Mbawalla's. Mbenkuru abwärts
559 2608 3887 2770 bis zum Wege der Trägerkarawane nach Nakihu. Hier ein
583 2748 4007 2909 wenig gerastet; als wir aufstanden, um weiter zu gehen,
573 2895 3945 3058 sahen wir ein mbawalla. Ich kam sehr bald zu Schuß, das
601 3055 3831 3207 Tier ging, aber ohne zu fallen, ab, auch keine Blutspur. Wir
569 3214 3823 3370 folgten ein wenig der Fußspur u. entdeckten es nach
591 3366 3961 3518 einer ganzen Strecke bereits tot in einem Bachlauf. Der
566 3507 3896 3660 Schuß saß gut im Blatt u. war auf der andern Stelle
604 3654 3899 3835 Seite an gleicher Stelle wieder hinausgedrungen. Ich
622 3819 3804 3982 glaube, diese Flucht geschieht nicht selten wenigstens
599 3984 3889 4155 teilweise bereits nach dem Tode als reine Reflex„
613 4132 3855 4304 bewegung, wie auch Schweine, wenn sie gut getroffen
604 4328 3980 4466 sind, noch liegend eine ganze Zeit heftige Laufbewe„
619 4493 3913 4630 gungen machen. Letzte Strecke zum Akiden in Nakihu
640 4685 2246 4808 überraschend kurz.
