4292 5213
3750 227 4045 416 151
357 284 3607 532 Wollte einen andern Weg, es gab nur diesen, also zurück zur
407 437 4054 628 Barrabarra (übrigens höchst kümmerlich ausgehauen), auf dieser südwärts.
413 563 4064 777 bis zum Übergang über den Pindiro, fand dort am Anstieg wieder
434 711 4048 893 die feinen senkrecht gestellten Sandschiefer (braune Latten Ukhwere's??)
405 867 4087 1099 u. im versumpften Flußbett einen Bestand dichter aber kleiner Sumpf„
450 1043 3745 1231 bäume mit tiefem Moderboden, so recht an Steinkohlenwälder im
389 1186 3949 1392 Wirniß u. Dämmerung erinnernd. Dann der Barrabarra nach
427 1372 4096 1612 N. bis Ruawa (Jumbe Moh. Useni) gefolgt. Fand auch hier die Beyschlagi-
469 1514 3978 1756 Schicht unmittelbar darüber u. augenscheinlich wagerecht, also trans„
509 1699 3954 1933 gredierend. Eine Jura-Insel, u. Aufenthalt der Dinosaurier? Ebenso
537 1808 4034 2017 der Oolith als Basis. Hübsches Plätzchen im Winkel zw. Ruawa (wasserführend)
511 1947 4025 2132 u. rechtem Nebenlauf, breitem mäanderndem Trockental, das an Mtshin-
508 2130 4013 2319 giri bei Matapua erinnert. Nachm. vergeblich Rundsicht gesucht, alles
484 2227 3838 2486 in Gras u. Busch verschneit. Anderes Gestein mit Nerineen in
488 2370 3802 2648 höherer Lage gefunden. Auflagernde Bornhardti-Schicht oder
495 2556 2140 2811 Steilstellung auch der Kreide?
769 2719 3814 2941 Jumbe von Ngarama erscheint mit vielen Trägern und über
476 2877 3845 3084 200 pishi Reis. Nun bekamen meine Leute doch noch zu tun.
709 3101 3978 3282 17.VII. Über den Ruawa auf d. gegenüber liegende höhere
525 3240 3903 3455 Ufer, wo ich auf gutes Profil hoffte. Von oben bis unten
543 3357 4008 3588 nichts als Sand, aber etwas Übersicht. Vor uns taucht ein mächtiger
548 3531 3985 3765 Kegel, der Namateaure, wie ein Inselberg auf, wohl ein stehen
548 3718 4071 3931 gebliebenes Teilstück zwischen Mbalawala- u. Ngorama-Plateau. Oben
565 3816 3998 4072 starke Bänke sichtbar (höherer Oolith des Minyoka?) Über Ruawa-
597 3995 3960 4197 Quelle auf Plateaufläche Mawranda mit ganz kurzer Unterbrechung (wo
519 4111 4038 4329 d. Kilwa-Straße verlassen wurde) in entsetzlichem Busch. Der sehr schlechte
560 4298 3997 4512 Negerpfad, der nur für Kautschuk-Zapfer berechnet ist u. jedes Hindernis
510 4447 3984 4654 nur umgeht, falls das überhaupt möglich ist, machte meiner Länge
531 4583 3913 4782 u. auch den Trägern viel zu schaffen u. verhinderte jede Übersicht.
501 4665 3696 4921 Immerhin auch diese Vegetationsform in solcher Ausdehnung
