4293 5214
3871 257 3975 311 95
570 358 3965 490 Nachm. Volksbelustigungen auf d. Marktplatz. Derb u. lustig,
533 507 3984 658 aber die Europäer waren zu viel. Sie warfen Kupfergeld
563 664 4039 821 in Mengen unter das Volk u. die einzige Folge waren
553 818 3979 972 Keilereien u. eine unangenehme Bettelei der Kinder.
536 978 4017 1128 Wenn diese kümmerliche Geldgier auch in unsere schönen
529 1122 4007 1300 Häfen getragen werden sollte, dann wenigstens nicht
585 1273 3903 1472 durch uns selbst! Ging zum Tennis; hübsches Spiel m.
611 1496 1081 1646 Wolff's.
777 1626 3843 1786 Abends Festessen von 14 Herren in d. Schaurihalle.
571 1769 3793 1939 Es waren schwarze Beinkleider befohlen. Bei der
602 1915 3751 2085 wahnsinnigen Hitze schien mir das Selbstmord u.
630 2040 3770 2242 obendrein überflüssiger. Ich verabredete mit einem
628 2193 3981 2389 andern Herren weiße u. glaube nicht, daß ich deswegen
606 2323 3851 2548 für einen Anarchisten gehalten worden bin. Es war
621 2486 3961 2692 mir eine Freude diesen Suggestions-Zauber der Mode„
611 2646 3755 2875 sklaverei einmal zu durchbrechen. Es wurde sehr
619 2834 3991 3035 fidel, wozu ich halb unbewußt in guter Weinlaune
617 2987 3766 3186 reichlich beitrug. Nachts wieder auf dem Marktplatz,
641 3170 4027 3353 wo inzwischen die ngoma's alle Register gezogen hatten.
597 3338 3899 3530 Höchst interessant, wieder brachten wir Europäer ein
681 3483 3975 3695 fremdes störendes Element hinein, wenn auch eine
579 3669 3727 3845 Schlacht mit Bierfilzen am Whisky-Soda-Tisch viel
603 3848 3579 4015 Heiterkeit u. Anklang bei d. Schwarzen fand.
759 4019 4064 4177 Auch die Schwarzen hatten ihre Häuser sehr geschmackvoll
642 4203 4041 4370 geschmückt, der Ort loderte in Blütenfarben u. Palmen„
617 4358 4016 4528 grün. Gestern sagten 2 meiner Leute etwas von „Eurem“
618 4512 3912 4694 Festtag, worauf ich pflichtschuldigst: „unser Aller doch wohl?“
586 4678 3819 4857 Ich war überrascht durch die Ehrlichkeit u. Schnelligkeit
