5221 7894
4612 174 293 142 310.

2639 489 2369 278 auf das Gutachten von Studirenden.

2638 674 2404 311 Gerade aber von ſolchen Studirenden,

2687 832 2346 251 welche vermöge der ihnen zur Seite

3635 1030 62 55 ╕

2663 1012 2288 253 ſtehenden längern Erfahrung allein

2669 1126 2268 277 geeignet ſeien, in der Sache ein

2703 1265 2297 220 Urtheil abzugeben, habe er ſchon das

2681 1404 2305 307 Gegentheil vernom̄en. Er beantrage

2659 1549 2337 293 deßhalb, dem Prof. Wunderlich die

2714 1675 2291 281 Vorſtandsſtelle an der medic. Clinik

2694 1856 2249 257 nunmehr definitiv zu übertragen und

2686 1968 2230 303 ihn zum ordinarius zu befördern.

2837 2194 1896 290 Hℓ Prof. v. Mohl entgegnet:

2733 2353 2334 302 Prof. Wunderlich habe ſeit 2 Monaten

2674 2524 2284 261 ſeinen cliniſchen Unterricht in 2

2710 2621 2305 272 Stunden abgetheilt und erſt ſeit dieſer

2718 2768 2214 269 Zeit habe ſich das Urtheil über ihn

2714 2906 2222 258 zu ſeinem Vortheil geändert. Dieſe

2687 3031 2347 302 Zeit ſei aber zu kurz, um der Facultät

2651 3226 2384 255 hinreichende Beruhigung über die practiſche

2676 3356 2181 268 Befähigung Wunderlichs zu gewähren.

2692 3550 1690 232 Deßhalb ſei ſie gegenwärtig

4396 3495 151 55 auch

4382 3509 652 186 nicht in der

2709 3643 2302 297 Lage, die definitive Uebertragung

2712 3795 2307 232 der Vorſtandsſtelle an der med. Clinik

2695 3949 2064 284 an Prof. Wunderlich vorzuſchlagen.

2879 4156 2031 287 Hℓ Prof. Maier ſchließt: Da

2717 4374 2280 241 p Wunderlich bekan̄termaßen eine

2746 4484 2291 283 gar keine Praxis habe, ſo ge‗

2743 4632 2267 241 nieße er als practiſcher Arzt kein

2778 4796 2092 229 Vertrauen beim Publikum. Er

2706 4940 2342 284 ſey durchaus gegen den Antrag des

2806 5123 1225 241 Hℓ Prof. v. Rieke.

2751 5309 2122 273 Hℓ Prof. Volz theilt dieſe Anſicht,

2644 5442 2345 260 wogegen Hℓ Prof. Fallati dem Vor‗

2646 5591 2409 264 ſchlag der medic. Facultät ſich anſchließt,

2671 5758 2359 235 indem in ausführt: durch die Ueber‗

2675 5916 2368 263 tragung der einer ordentlichen Profeßur

2668 6053 2186 182 an p Wunderlich werde allerdings

2652 6186 2312 193 der Etat überſchritten; allein dieſe

2667 6337 1532 234 Ueberſchreitung ſey durch

4197 6294 120 90 die

4169 6306 750 134 anerkan̄ten

2663 6411 2261 305 ausgezeichneten theoretiſchen Leiſtungen

2611 6578 2403 217 Wunderlichs ſowie durch den weitern

2667 6726 2286 261 Umſtand, daß Wunderlich, inſoferne

2668 6872 2377 262 er Fächer vortrage, über welche vorher

2671 7009 2303 246 keine Vorleſungen gehalten worden ſeien,

1097 1077 1330 165 ╕ u. theilweiſe auch auf andern

1278 1179 1211 190 Univerſitäten geſam̄elten
