5221 7894
2178 1106 299 204 123.

3287 507 303 204 §. 2.

2640 815 2317 274 Herr Prof. Fichte referirt über die

2836 1021 2149 202 definitive Beſetzung der Vorſtands‗

2924 1171 2043 197 Stelle an der mediciniſchen Clinik

2976 1311 1559 192 und in Verbindung damit

2901 1452 2002 217 über die Beförderung des Prof.

2884 1604 2115 234 Wunderlich zum ordentlichen Profeßor.

2660 1825 2332 185 Nach Verleſung des Gutachtens der me‗

2644 1974 2341 221 diciniſchen Facultät und der übrigen

2640 2110 2299 217 einſchlägigen Aktenſtüke begründet

2621 2267 2375 202 er ſeinen in dem von ihm entwor‗

2617 2350 2387 289 fenen Bericht an das K. Miniſterium

2621 2532 2273 220 entwikelten Antrag, welcher dahin

2646 2700 333 209 geht:

2858 2794 2073 239 es ſoll der mediciniſchen Facultät

2844 2963 2059 228 auferlegt werden, auch jezt noch

2872 3092 2109 245 ihre Erkundigungen nach geeigneten

2855 3232 2145 279 Lehrern der medic. Clinik fortzu‗

2869 3385 2140 281 ſetzen, zugleich aber die literariſche

2890 3532 1993 272 und practiſche Thätigkeit des

2923 3653 2091 266 Prof. Wunderlich in dieſer Beziehung

2840 3813 1976 272 im Auge zu behalten, bis

2855 3949 2134 277 dahin aber, wo über die definitive

2873 4095 2110 253 Wiederbeſetzung der kliniſchen Lehr‗

2883 4237 2096 219 ſtelle eine Entſcheidung ſich geben

2826 4365 2081 196 laſſe, die Beförderung des Prof.

2816 4495 2179 236 Wunderlich zum ordinarius auszu‗

2873 4716 420 207 ſetzen.

2660 4888 2319 199 Es entſtehen nun über dieſen Antrag

2650 5020 1286 246 längere Debatten.

2581 5175 2351 229 Hℓ Prof. v. Rieke erklärt: dem

2682 5289 2211 269 Gutachten der mediciniſchen Facultät,

2715 5431 2252 238 welches zwar den Prof. Wunderlich

2736 5602 2273 217 zum ordinarius befördert, hingegen

2700 5740 2204 205 ſeine definitive Anſtellung als

2702 5805 2218 287 kliniſcher Lehrer noch ausgeſezt haben

2712 5972 2220 250 wiſſen will, weil ſeine practiſche

2690 6095 2283 276 Befähigung noch nicht hinlänglich bewährt

2671 6261 2324 217 ſey, müſſe er durchaus entgegen‗

2680 6386 2200 279 treten. Er glaube, daß kein

2658 6544 2340 224 beſſerer Cliniker zu finden ſey, als

2608 6654 2410 298 p Wunderlich. Der Zweifel, welchen

2685 6803 2157 278 die Facultät in ſeine practiſche

2641 6989 2180 304 Fähigkeit ſetze, gründe ſich nur
