5221 7894
3437 701 184 153 §. 1:

1717 840 654 148 Referent:

1903 1000 1178 149 Hℓ. Prof. D. Hefele.

2582 1232 2306 218 Aeuſſerung der medicin. Facultät v.

2650 1369 2297 265 15. Mai d. J. auf den Miniſt: Erlaß vom

2666 1582 2275 237 15. Febr. d. J. in Betreff der Beſetzung

2638 1795 2228 216 der Lehrſtelle für Anatomie und

2686 2047 794 158 Phyſiologie.

2817 2194 2155 197 Refer. beantragt einen Bericht an das

2636 2355 2314 217 K. Miniſterium, wonach im Einverſtänd‗

2650 2513 2296 252 niß mit der Facultät zunächſt auf

2610 2706 2353 261 die Berufung des Medic. Raths Prof.

2640 2891 2319 248 Krauſe in Han̄over, und, falls dieſer

2637 3080 2297 242 nicht zu gewin̄en wäre, auf die Ein‗

2690 3288 2162 231 ziehung näherer Erkundigungen

2644 3475 2268 235 über Prof. Eduard Weber in Leipzig

2657 3686 1666 220 auf angetragen wird.

2835 3830 2137 259 Der vom Refer. verleſene Entwurf

2660 4010 2165 271 dieſes Berichts wird genehmigt.

2850 4194 2103 237 Zugleich wird auf die diesfällige

2642 4352 2310 256 Bemerkung des Hℓ. Univ. Raths Waaser

2719 4520 2214 274 beſchloſſen, in dem Berichte auch noch

2726 4719 2196 276 zu erwähnen, daß Priv. Doc. Dr.

2710 4870 2228 287 H. Meyer ein Geſuch um Berükſichtig‗

2641 5077 2303 271 ung bei der fragl. Lehrſtelle einge‗

2681 5252 2243 288 reicht habe, daß jedoch der Senat

2654 5427 2258 312 mit der medic. Facultät für ange‗

2624 5644 2304 279 meſſen halte, ſich über dieſes Geſuch

2622 5867 2290 259 erſt dan̄ näher zu aeuſſern, wen̄

2666 6046 2302 259 hinſichtℓ. der jetzt in Frage gekom̄enen

2646 6253 2328 233 älteren Gelehrten höchſten Orts eine

2625 6463 2309 213 Entſchlieſſung erfolgt ſeyn wird.

2182 1260 150 85 nr.

2189 1357 244 91 110.

2177 5023 132 90 nr.

2201 5117 133 88 111.
