5221 7894
2660 725 2269 259 Prof. R. v. Mohl ſtellte den Antrag,

2586 873 2321 285 daß ſich der Senat direct gegen das

2614 1062 2254 260 Geſuch des Dr. Frank ausſpreche,

2624 1238 2294 258 weil es unangemeſſen erſcheine, daß

2625 1414 2319 254 ein Aſſiſtent des Clinikums den

2636 1596 2288 245 Rang eines außerord. Profeſſors

2600 1780 2258 246 erhalte. Durch Stim̄enMehrheit

2604 1956 2295 237 wurde ſofort der Antrag des Refe‗

2619 2137 2172 245 renten Dr. Kuhn abgelehnt.

2804 2305 2121 260 Auch der Antrag des H. Prof. F. v.

2634 2487 2274 259 Gmelin, es als Gnadenſache lediglich

2601 2686 2297 243 dem Ermeſſen des K. Miniſteriums

2615 2873 2318 240 anheimzugeben, wurde per majora

2653 3071 2265 244 beſeitigt; worauf nun der An‗

2614 3270 2339 230 trag des H. Prof. v. Mohl durch Accla‗

2584 3445 2265 244 mation genehmigt wurde u.

2646 3605 2272 258 zwar in der Faſſung, daß der Senat

2630 3807 2252 246 dem Zeugniße der Facultät nur

2632 4026 2168 235 beiſtim̄en kön̄e, den̄och aber

2660 4187 2216 262 glaube, daß die Stellung des

2650 4357 2264 271 D. Franck als AſſiſtenzArzt zu

2586 4561 2242 280 dem Vorſtand der Clinik es

2609 4747 2252 278 nicht wünſchenswerth mache,

2606 4971 2311 249 daß ihm der Rang eines außerord.

2611 5157 2260 242 Profeſſors verliehen werde.

3619 5705 231 129 §. 4.

2096 5874 1140 183 Hℓ. Prof. Dr. Mayer

2630 5954 2254 274 reproponirt den in der Sitzung vom

2642 6123 2245 278 4. d. M. gefaßten Beſchluß in Betreff

2580 6326 2258 259 der Berufung des Convicts Directors

2646 6509 2190 276 Schott zur Theilnahme an den Ge‗

2665 6714 2124 262 ſchäften des acad. Senats,

2109 6293 118 63 nr.

2137 6386 177 70 329:
