5221 7894
4673 166 369 197 294.

2635 415 2301 301 zuwiderlaufend findet, wen̄ der Vortrag

2688 566 2325 236 des Referenten durch die Äußerung eines

2693 716 2280 195 Mitglieds unterbrochen werde und wen̄

2705 800 2193 298 der Referent ſich nicht ganz auf das,

2664 918 2283 281 was in den  Akten liegt, ſeine

2676 1064 2309 274 Urtheil beſchränke. Dieſes wird aber

2712 1155 2355 308 von Prof. Hoffman̄ und Andern beſtritten,

2658 1313 2409 274 und dagegen geltend gemacht, daß bei einem

2700 1449 2327 254 Verwaltungs Collegium andere Grundſätze

2705 1547 2268 302 gelten, daß zu Erforſchung materieller

2684 1672 2288 304 Wahrheit, um die es ſich hier handle, der

2710 1860 2210 243 Referent alle ihm zugekom̄enen nicht blos

2675 1942 2346 303 die in den Akten enthaltenen Notizen

2696 2099 2261 286 zu benuzen habe und daß es von ſeinem

2705 2180 2347 311 Ermeſſen überhaupt abhänge, in welcher Weiſe

2714 2327 2351 279 er ſeinen Vortrag erſtatten wolle. Nachdem

2702 2468 2292 319 jedoch von andern dieſer Anſicht entgegen

2687 2572 2349 335 getreten wird, ſieht ſich der Vorſtand des

2710 2705 2251 262 Collegiums veranlaßt, die Frage zur

2699 2835 2314 287 Abſtim̄ung zu bringen, ob Oberkirchenrath

2717 2975 2338 284 Schott befugt ſei, ſeine weitern Notizen

2714 3109 2343 232 Bemerkungen über das Facultäts Gutachten

2721 3232 2260 275 jezt vorzutragen? — welche Frage mit

2725 3354 2154 266 17. Stim̄en gegen 4. bejaht wird.

2711 3524 2256 245 Oberkirchenrath Schott verliest ſofort ſeine

2697 3650 2322 268 Bemerkungen, worauf Referent den von ihm

2705 3791 2359 204 entworfenen Bericht des an das K. Miniſterium

2697 3923 2286 238 vorträgt, in welchem demſelben zu erklären

2711 4048 2284 228 der Antrag geſtellt iſt: daß dringende in̄ere

2740 4203 2213 250 Gründe für die alsbaldige Beförderung des

2763 4315 2295 185 Docenten Schim̄ele nicht vorliegen, daß dagegen

2712 4479 1310 181 äußere Gründe vorliegen,

3739 4428 476 101 handen ſeien

4129 4422 929 173 welche die alsbaldige

2729 4549 2339 228 Ernen̄ung des p Schim̄ele zum wirklichen auſſer‗

2723 4699 2257 183 ordentlichen Profeßor und Mitglied der

2690 4805 2311 257 Facultät wünſchenswerth machen, indem es

2752 4935 2268 247 a. als angemeſſen erſcheine, daß in der

2913 5047 2137 234 Facultät auch die chriſtliche Moral, welche

2754 5200 2332 224 von Schim̄ele vorgetragen werde, repraesentirt

2877 5383 206 157 ſei.

2728 5460 2309 267 b. indem ferner die perſönlichen Verhältnißen

4677 5357 347 202 deſſelben

2872 5592 2161 215 die nunmehrige Fixierung ſeiner acade‗

2896 5694 2161 262 miſchen Stellung rechtfertigen, welche Stel‗

2923 5949 244 131 lung

2749 5987 2158 205 c. keineswegs eine ſo anziehende wäre,

2904 6101 2122 256 daß ſeine Verpflanzung auf eine in einen

2918 6212 2153 277 andern für ihn geeignetern Wirkungskreis,

2941 6337 2102 275 falls er den von ihm gehegten Erwartungen

2980 6490 2075 274 nicht entſprechen ſollte, irgendwie Schwierig‗

2984 6657 859 180 keit darböte;

2947 6801 660 190 indem endlich

2759 6929 2306 221 d. politiſche Gründe ſehr dafür ſprechen, inſofern

2882 7045 2128 240 Schim̄ele, obgleich ein orthodoxer Theologe,
