5221 7894
2615 772 2275 201 beſchloßen, bei dem K. Miniſterium

2584 920 2348 232 eine unter Berufung auf das Univerſ.

2644 1084 2262 252 Statut motivirte Anfrage darüber

2629 1265 2342 248 zu machen, wie die Berufung des Directors

2641 1458 1936 251 Schott zu betrachten ſey?

2969 1628 2016 255 Zur Entwerfung des dießfallſigen

2627 1789 2267 273 Berichts erbot ſich Hℓ. Prof. D. Knaus,

2596 1959 2294 279 nachdem Herr Univerſ. Rath Waaser

2614 2139 2351 285 erklärt hatte, daß er zwar den Berichts‗

2685 2324 2242 275 Entwurf fertigen, aber in demſelben

2606 2515 2367 275 nicht als Referent bezeichnet ſeyn wolle.

3619 2951 226 156 §. 5.

1788 3097 1137 175 Herr Prof. H. Mohl

2581 3231 2279 222 referirt über einen von der philos.

2657 3379 2247 243 Facult. empfehlend vorgelegten Antrag

2637 3537 2289 278 des Prof. v. Nörrenberg auf die An‗

2629 3723 2264 279 ſchaffung eines großen Refractors

2649 3910 2282 278 für das phyſik. aſtronomiſche Ca‗

2679 4106 2197 268 binet, mit einem Koſten=Aufwand

2651 4433 1111 93 von ~ 4,800. fℓ.

2706 4569 1084 156 derſelbe trägt

3677 4452 298 65 ſofort

3790 4468 1028 191 den Entwurf

2604 4621 2350 295 eines Berichts an das K. Miniſterium

2665 4783 2269 297 vor, worin dieſer Antrag unter‗

2643 4967 2245 314 ſtützt wird, u. zwar in der Weiſe,

2638 5160 2280 316 daß zu Beſtreitung des KoſtenBetrags

2614 5366 2300 294 ein außerord. Zuſchuß aus der Univerſ.

2610 5552 2248 283 Caſſe von ~ 1200. fℓ. verwilligt,

2619 5753 2300 278 der Reſt aber aus den etatsmäßigen

2585 5952 2342 286 Mitteln des Jnſtituts bis zum Etats=

2646 6209 2208 158 Jahr 1846/47. incl. bezahlt werde.

2899 6340 2001 241 Jn lezterer Beziehung machte

2620 6526 2222 250 der Correfer, Hℓ. Univerſ. Rath

2650 6719 2206 249 Waaser, den Vorſchlag, daß die
