5221 7894
4668 166 329 208 295.

2683 405 2296 265 Beziehung abzubrechen ſeien. Nun tritt der

2742 557 2259 228 Senior der kath. theol. Facultät, Prof.

2700 729 2294 219 v. Drey, auf und ſezt die Gründe aus‗

2730 853 2289 232 einander, welche ihn bewogen haben, dem

2736 1012 2287 186 1ten Facultäts Gutachten beizuſtim̄en. Gegen

2725 1125 2310 172 das 2te Gutachten ſei er durchaus geweſen.

2687 1234 2187 203 Die ╕ Abneigung gegen p Schim̄ele gelte

2715 1372 2217 208 weniger einem etwaigen Mangel an

2709 1482 2330 201 wiſſenſchaftlicher Bildung als vielmehr ſeiner

2740 1624 2298 204 Perſon. Deſſenungeachtet kön̄e er für

2724 1769 2211 154 den Antrag des Referenten nicht ſtim̄en;

2702 1883 2339 207 da p Schim̄ele jedenfalls noch keine ſpecielle

2747 2008 2242 219 Proben ſeiner wiſſenſchaftlichen Tüchtigkeit

2727 2144 2305 224 abgelegt habe und überhaupt noch zu jung

2724 2256 2228 264 ſei. Die vom Referenten für die

2732 2388 2328 245 alsbaldige Beförderung p Schim̄eles geltend

2720 2547 2292 202 gemachten Gründe, daß nämlich deſſen

2711 2714 2117 179 Com̄ilitonen theilweiſe ſchon größere

4292 2625 590 104 vortheilhaftere

4800 2639 226 173 Be‗

2728 2804 2108 218 förderungen zu Theil geworden ſeien,

2723 2929 2246 219 daß ferner für die Univerſität ein

2736 3070 2204 234 anderer paſſender Man̄ ſchwer zu finden

2744 3247 2247 174 wäre, ſeien nicht unſtichhaltig. Gegen die

2697 3365 2271 221 in dem beantragten Berichte gebrauchten

2736 3503 2305 174 Ausdrüke wie vorgebrachten Beſchuldigungen

2723 3641 2344 250 von Auflehnung gegen die ſtaatsgeſezliche Ordnung

2731 3818 2211 182 u. ſ. w. müſſe er Verwahrung einlegen,

2730 3955 2271 199 da eine ſolche wenigſtens hier überall nicht

2717 4071 2302 216 zur Erſcheinung gekom̄en ſei. Was überhaupt

2720 4261 2327 134 die desfallſigen Andeutungen in dem Berichte

2683 4328 2364 235 in Beziehung auf den Ultramontanismus

2710 4476 2129 202 betreffe, ſo ſehe er ſich veranlaßt, hier

2751 4626 2304 191 offen ſeine vollkom̄enſte Ueberzeugung auszu‗

2720 4788 2335 186 ſprechen, welche dahin gehe, daß, ja

2725 4907 2251 203 mehr durch Aufſtellung von Docenten der

2744 5033 2309 259 entgegengeſezten Richtung auf die Unter‗

2721 5194 2146 240 drükung jenes Princips hingearbeitet

2776 5337 2299 210 werden wolle, dieſes gerade dazu beitragen

2743 5500 447 154 würde,

3168 5521 115 57 daß

3190 5498 1869 173 daſſelbe, nachdem es einmal Anhänger

2808 5611 2216 245 und zum Theil - talentvolle gefunden habe,

2743 5788 2276 219 ſich nur deſto kräftiger und umfangreicher

2714 5929 2336 191 entwikle. Dieſer Anſicht wird von vielen

2748 6068 2168 247 Seiten beigetreten. Sodan̄ führt Prof.

2758 6222 2194 176 Hepp aus, der Senat ſoll ſich vom

2763 6324 2208 243 politiſchen  StandPuncte ganz ferne

2743 6451 2261 260 halten. Man habe es hier nur mit dem

2759 6600 2241 252 wiſſenſchaftlichen Felde zu thun. Von dieſem

2762 6755 2136 183 StandPunkte aus müſſe er aber den

2787 6850 2229 209 Antrag ſtellen, der Beförderung Schim̄eles

2738 7054 2326 181 das Wort nicht zu reden, da er bis jezt

2765 7172 2232 211 ſeine wiſſenſchaftliche Tüchtigkeit nicht

833 1232 1706 253 ╕ unter einem Theile der Convikts‗

889 1396 1164 213 Zöglinge herrſchende ſchon

1957 1363 185 63 von

2020 1372 561 166 früherer Zeit

865 1521 574 212 herſtam̄ende
