5221 7894
4669 456 184 126 44.

3392 652 228 126 §. 2.

1806 740 1205 148 Herr Prof. D. Hepp

2638 957 2391 160 erſtattet Vortrag in Betreff der Ver‗

2682 1086 2335 226 theilung der Lehrfächer der philosoph.

2664 1259 2342 260 Facultät unter die ihr im neueſten

2647 1436 2357 276 Normal=Etat zugewieſenen ordentl.

2637 1640 2378 263 u. auſſerordentl. Lehrſtellen, worüber

2636 1818 2352 291 die Facultät zu Folge Senats=Be‗

2665 2017 2351 272 ſchluſſes v. 18. Jan. d. J. zwei gutächtl.

2649 2224 2278 271 Aeuſſerungen v. 21. Febr. u. 21. März

2655 2489 1622 195 d. J. abgegeben hat.

2897 2653 2131 232 Jn dem - den Akten beiliegenden

2658 2824 2287 259 ſchriftlichen Vortrag des Refer.

2684 3029 1904 245 ſind 2. Fragen erörtert:

2665 3199 2355 264 1.) wie viele Ordinariate der philos.

2692 3323 2257 333 Facultät etatsmäßig zuſtehen?

2662 3620 2310 276 2.) in welcher Weiſe die Lehrfächer

2654 3825 2359 263 unter die ordentl. u. auſſerordentl.

2676 3995 2364 280 Lehrſtühle der Facult. zu vertheilen

2703 4264 398 153 ſind?

2820 4371 2193 248 Zur erſten Frage führt Refer.

2628 4553 2353 275 die Anſicht aus, daß die im Miniſt.

2652 4747 2381 248 Erlaſſe v. 13. März 1843. ausgeſprochene

2710 4926 2268 261 Zahl von nur 8. Ordinariaten der

2657 5077 2336 303 phil. Facult. blos auf einem

2642 5287 2351 255 Schreibfehler beruhe, indem viel‗

2616 5487 2379 244 mehr theils nach dem NormalEtat,

2650 5654 2271 271 welcher im Ganzen 37. Ordinariate

2659 5866 2364 250 feſtſetzt, theils nach den vom Senate

2666 6065 2196 255 früher geſtellten u. durch das

2584 6269 2404 243 K. Miniſterium genehmigten An‗

2620 6460 2369 215 trägen - 9. Ordinariate der philos.

2644 6646 2261 217 Facultät zuzuſcheiden ſeyen.

2077 1039 136 89 nr.

2067 1139 416 93 43. & 66.
