5221 7894
4697 376 183 112 14.

2697 695 2268 203 Zuſchußſum̄e aus der Univerſ. Caſſe

2696 897 2302 142 auf die EtatsJahre 1844/45. u. 1845/46.

2726 1001 2308 236 je zur Hälfte mit 600. fℓ. vertheilt

2700 1162 2326 257 u. ſonach die Koſten folgendermaßen

2695 1348 1958 221 beſtritten werden ſollten:

2604 1489 2414 237 1) 1./3. baar bei der Beſtellung aus den

2692 1646 2351 239 Mitteln des Jnſtituts mit — 1,600. f.

2586 1836 2358 210 2.) 2./3. bei Ablieferung des Jnſtruments

2872 2012 1540 197 im Jahr 1845., nämlich

2682 2139 2334 208 a.) aus den sub 1.) noch übrigen — 150. f.

2693 2314 2333 181 b.) dem Zuſchuß v. — 1,200. f.

2689 2477 1942 218 c.) den künftigen Mitteln des

2801 2669 1560 187 Jnſtituts v. jährl. 850. fℓ.

2893 2843 2138 144 p. 1844/45. u. 1845/46. — 1,600. f.

2709 3065 1852 139 d.) durch einen p. 1846/47. wieder

2777 3175 1826 203 in Abzug kom̄enden Vorſchuß

3068 3302 1934 227 der Univerſ. Caſſe v. — 250. f

4030 3498 963 180 zuſ. — 4800. f

2662 3762 2335 270 Der vom Refer. beantragte Bericht

2710 3933 2323 253 wurde mit dem vom Hℓ. Correfer.

2720 4096 2312 266 vorgeſchlagenen, vorſtehenden Zuſatz

2646 4319 2018 226 einſtim̄ig genehmigt.

3648 4782 282 135 §. 6.

1734 4938 1240 197 Herr Univerſ. Rath

2417 5128 548 139 Waaser

2622 5227 2335 266 legt den Entwurf eines Berichts an

2678 5377 2298 264 das K. Miniſterium vor, wonach in

2674 5551 2361 284 Uebereinſtim̄ung mit dem Gutachten

2686 5769 2328 242 der Medic. Facultät v. 6. d. M. der

2677 5958 2215 252 Antrag geſtellt iſt, daß die

2697 6145 2325 253 durch den Austritt des Med. ſtud.

2687 6343 2318 252 Fr Schott vacant werdende Aſſi‗

2697 6538 2327 256 ſtenten=Stelle an der Medicin.

2682 6745 2312 238 Clinik dem Med. stud. Franz

2163 5438 153 78 nr.

2200 5537 124 84 4.
