<?xml version="1.0" encoding="UTF-8"?>
<alto xmlns:xsi="http://www.w3.org/2001/XMLSchema-instance"
      xmlns="http://www.loc.gov/standards/alto/ns-v4#"
      xmlns:page="http://schema.primaresearch.org/PAGE/gts/pagecontent/2013-07-15"
      xsi:schemaLocation="http://www.loc.gov/standards/alto/ns-v4# https://www.loc.gov/standards/alto/v4/alto.xsd">
   <Description>
      <MeasurementUnit>pixel</MeasurementUnit>
      <sourceImageInformation>
         <fileName>UAT_047_28_576.jpg</fileName>
      </sourceImageInformation>
      <Processing ID="IdOcr">
         <processingDateTime>2023-05-09T09:10:49.6+02:00</processingDateTime>
         <processingSoftware>
            <softwareCreator>READ COOP</softwareCreator>
            <softwareName>Transkribus</softwareName>
         </processingSoftware>
      </Processing>
   </Description>
   <Layout>
      <Page ID="Page1" PHYSICAL_IMG_NR="1" HEIGHT="7894" WIDTH="5221">
         <TopMargin HEIGHT="0" WIDTH="5221" VPOS="0" HPOS="0"/>
         <LeftMargin HEIGHT="7894" WIDTH="0" VPOS="0" HPOS="0"/>
         <RightMargin HEIGHT="7894" WIDTH="0" VPOS="0" HPOS="5221"/>
         <BottomMargin HEIGHT="0" WIDTH="5221" VPOS="7894" HPOS="0"/>
         <PrintSpace HEIGHT="7894" WIDTH="5221" VPOS="0" HPOS="0">
            <TextBlock ID="r1"
                       HEIGHT="6711"
                       WIDTH="3290"
                       VPOS="505"
                       HPOS="1688"
                       LANG="">
               <Shape>
                  <Polygon POINTS="1688,505 1688,7216 4978,7216 4978,505"/>
               </Shape>
               <TextLine ID="r1l1"
                         BASELINE="2622,620 2739,616 2857,612 2975,608 3093,602 3211,596 3328,590 3446,584 3564,578 3682,572 3800,568 3917,564 4035,560 4153,558 4271,558 4389,560 4506,562 4624,566 4742,573 4860,582 4978,594"
                         HEIGHT="261"
                         WIDTH="2386"
                         VPOS="428"
                         HPOS="2605">
                  <String ID="string_r1l1"
                          HEIGHT="261"
                          WIDTH="2386"
                          VPOS="428"
                          HPOS="2605"
                          CONTENT="doch nicht jener wohl bekan̄ten fanatiſch excentri‗"/>
               </TextLine>
               <TextLine ID="r1l2"
                         BASELINE="2692,764 2757,757 2822,752 2887,747 2952,742 3017,739 3082,735 3147,731 3212,727 3277,724 3342,722 3407,720 3472,718 3537,716 3602,714 3667,712 3732,712 3797,710 3862,710 3927,708 3992,708"
                         HEIGHT="213"
                         WIDTH="1334"
                         VPOS="620"
                         HPOS="2674">
                  <String ID="string_r1l2"
                          HEIGHT="213"
                          WIDTH="1334"
                          VPOS="620"
                          HPOS="2674"
                          CONTENT="ſchen Richtung angehöre."/>
               </TextLine>
               <TextLine ID="r1l3"
                         BASELINE="2712,898 2820,894 2929,892 3038,889 3147,886 3256,883 3364,880 3473,878 3582,875 3691,872 3800,870 3908,868 4017,868 4126,866 4235,866 4344,866 4452,866 4561,866 4670,868 4779,870 4888,872"
                         HEIGHT="223"
                         WIDTH="2207"
                         VPOS="740"
                         HPOS="2696">
                  <String ID="string_r1l3"
                          HEIGHT="223"
                          WIDTH="2207"
                          VPOS="740"
                          HPOS="2696"
                          CONTENT="Nachdem Referent ſeinem Antrage noch"/>
               </TextLine>
               <TextLine ID="r1l4"
                         BASELINE="2690,1016 2802,1016 2914,1014 3026,1012 3138,1009 3250,1006 3362,1002 3474,999 3586,996 3698,992 3811,990 3923,987 4035,986 4147,984 4259,984 4371,984 4483,986 4595,990 4707,994 4819,1001 4932,1010"
                         HEIGHT="208"
                         WIDTH="2272"
                         VPOS="897"
                         HPOS="2675">
                  <String ID="string_r1l4"
                          HEIGHT="208"
                          WIDTH="2272"
                          VPOS="897"
                          HPOS="2675"
                          CONTENT="einige mündliche Erörterungen und insbe‗"/>
               </TextLine>
               <TextLine ID="r1l5"
                         BASELINE="2652,1132 2765,1130 2879,1128 2993,1126 3107,1122 3221,1119 3334,1116 3448,1112 3562,1108 3676,1106 3790,1104 3903,1101 4017,1100 4131,1098 4245,1100 4359,1101 4472,1104 4586,1108 4700,1113 4814,1121 4928,1130"
                         HEIGHT="193"
                         WIDTH="2303"
                         VPOS="1004"
                         HPOS="2638">
                  <String ID="string_r1l5"
                          HEIGHT="193"
                          WIDTH="2303"
                          VPOS="1004"
                          HPOS="2638"
                          CONTENT="ſondere die Bemerkung beigefügt hatte, daß"/>
               </TextLine>
               <TextLine ID="r1l6"
                         BASELINE="2684,1252 2791,1246 2898,1241 3006,1236 3113,1232 3221,1228 3328,1224 3435,1222 3543,1219 3650,1216 3758,1214 3865,1214 3972,1212 4080,1212 4187,1212 4295,1214 4402,1216 4509,1218 4617,1221 4724,1225 4832,1230"
                         HEIGHT="170"
                         WIDTH="2178"
                         VPOS="1116"
                         HPOS="2669">
                  <String ID="string_r1l6"
                          HEIGHT="170"
                          WIDTH="2178"
                          VPOS="1116"
                          HPOS="2669"
                          CONTENT="er nur höchst ungerne dieſes Refererat"/>
               </TextLine>
               <TextLine ID="r1l7"
                         BASELINE="2702,1354 2807,1354 2912,1352 3017,1352 3122,1350 3227,1348 3332,1346 3437,1344 3542,1344 3647,1342 3753,1340 3858,1339 3963,1338 4068,1338 4173,1338 4278,1339 4383,1340 4488,1343 4593,1346 4698,1350 4804,1354"
                         HEIGHT="194"
                         WIDTH="2130"
                         VPOS="1234"
                         HPOS="2687">
                  <String ID="string_r1l7"
                          HEIGHT="194"
                          WIDTH="2130"
                          VPOS="1234"
                          HPOS="2687"
                          CONTENT="übernom̄en habe, ergreift Prof. Kuhn"/>
               </TextLine>
               <TextLine ID="r1l8"
                         BASELINE="2658,1474 2768,1474 2879,1474 2989,1474 3100,1474 3211,1474 3321,1472 3432,1472 3542,1470 3653,1470 3764,1468 3874,1466 3985,1465 4095,1464 4206,1462 4317,1462 4427,1460 4538,1460 4648,1460 4759,1458 4870,1458"
                         HEIGHT="212"
                         WIDTH="2239"
                         VPOS="1350"
                         HPOS="2644">
                  <String ID="string_r1l8"
                          HEIGHT="212"
                          WIDTH="2239"
                          VPOS="1350"
                          HPOS="2644"
                          CONTENT="das Wort und ſucht in einem längern"/>
               </TextLine>
               <TextLine ID="r1l9"
                         BASELINE="2668,1612 2779,1610 2891,1608 3002,1606 3114,1602 3226,1600 3337,1598 3449,1594 3560,1590 3672,1588 3784,1586 3895,1582 4007,1580 4118,1578 4230,1576 4342,1576 4453,1574 4565,1574 4676,1576 4788,1576 4900,1580"
                         HEIGHT="201"
                         WIDTH="2263"
                         VPOS="1485"
                         HPOS="2652">
                  <String ID="string_r1l9"
                          HEIGHT="201"
                          WIDTH="2263"
                          VPOS="1485"
                          HPOS="2652"
                          CONTENT="Vortrag das Facultäts Gutachten gegenüber"/>
               </TextLine>
               <TextLine ID="r1l10"
                         BASELINE="2648,1760 2761,1753 2875,1748 2988,1742 3102,1736 3215,1732 3329,1728 3442,1724 3556,1720 3669,1718 3783,1716 3896,1714 4010,1712 4123,1710 4237,1710 4350,1708 4464,1708 4577,1708 4691,1708 4804,1708 4918,1708"
                         HEIGHT="217"
                         WIDTH="2298"
                         VPOS="1593"
                         HPOS="2633">
                  <String ID="string_r1l10"
                          HEIGHT="217"
                          WIDTH="2298"
                          VPOS="1593"
                          HPOS="2633"
                          CONTENT="von dem Referenten und insbeſondere im"/>
               </TextLine>
               <TextLine ID="r1l11"
                         BASELINE="2668,1876 2772,1872 2877,1870 2982,1868 3087,1865 3192,1862 3296,1860 3401,1856 3506,1852 3611,1850 3716,1846 3820,1844 3925,1840 4030,1836 4135,1834 4240,1831 4344,1828 4449,1826 4554,1824 4659,1822 4764,1820"
                         HEIGHT="239"
                         WIDTH="2125"
                         VPOS="1729"
                         HPOS="2651">
                  <String ID="string_r1l11"
                          HEIGHT="239"
                          WIDTH="2125"
                          VPOS="1729"
                          HPOS="2651"
                          CONTENT="Hinblik auf die Bemerkungen des"/>
               </TextLine>
               <TextLine ID="r1l12"
                         BASELINE="2688,1998 2796,1994 2905,1990 3013,1988 3122,1986 3231,1982 3339,1980 3448,1978 3556,1976 3665,1974 3774,1970 3882,1969 3991,1966 4099,1964 4208,1962 4317,1958 4425,1956 4534,1954 4642,1950 4751,1947 4860,1944"
                         HEIGHT="227"
                         WIDTH="2203"
                         VPOS="1848"
                         HPOS="2671">
                  <String ID="string_r1l12"
                          HEIGHT="227"
                          WIDTH="2203"
                          VPOS="1848"
                          HPOS="2671"
                          CONTENT="Kirchenraths Schott zu vertheidigen"/>
               </TextLine>
               <TextLine ID="r1l13"
                         BASELINE="2656,2134 2769,2132 2882,2130 2995,2126 3109,2124 3222,2120 3335,2118 3449,2114 3562,2110 3675,2107 3789,2103 3902,2100 4015,2097 4128,2094 4242,2092 4355,2090 4468,2088 4582,2086 4695,2086 4808,2086 4922,2086"
                         HEIGHT="179"
                         WIDTH="2297"
                         VPOS="1985"
                         HPOS="2641">
                  <String ID="string_r1l13"
                          HEIGHT="179"
                          WIDTH="2297"
                          VPOS="1985"
                          HPOS="2641"
                          CONTENT="und den der Facultät in dem Entwurf"/>
               </TextLine>
               <TextLine ID="r1l14"
                         BASELINE="2664,2256 2778,2254 2892,2252 3006,2250 3121,2247 3235,2243 3349,2238 3464,2235 3578,2230 3692,2226 3807,2222 3921,2220 4035,2216 4149,2214 4264,2212 4378,2212 4492,2212 4607,2214 4721,2216 4835,2220 4950,2226"
                         HEIGHT="232"
                         WIDTH="2317"
                         VPOS="2115"
                         HPOS="2647">
                  <String ID="string_r1l14"
                          HEIGHT="232"
                          WIDTH="2317"
                          VPOS="2115"
                          HPOS="2647"
                          CONTENT="des Berichts an der Miniſterium gemachten"/>
               </TextLine>
               <TextLine ID="r1l15"
                         BASELINE="2644,2418 2755,2414 2867,2409 2978,2404 3090,2399 3201,2393 3313,2388 3424,2383 3536,2377 3647,2372 3759,2368 3870,2364 3982,2360 4093,2358 4205,2356 4316,2354 4428,2354 4539,2354 4651,2356 4762,2359 4874,2364"
                         HEIGHT="181"
                         WIDTH="2263"
                         VPOS="2248"
                         HPOS="2626">
                  <String ID="string_r1l15"
                          HEIGHT="181"
                          WIDTH="2263"
                          VPOS="2248"
                          HPOS="2626"
                          CONTENT="Vorwurf der Befangenheit zu beſeitigen."/>
               </TextLine>
               <TextLine ID="r1l16"
                         BASELINE="2660,2556 2772,2550 2884,2546 2996,2540 3108,2535 3220,2530 3332,2526 3444,2522 3556,2517 3668,2513 3781,2510 3893,2508 4005,2506 4117,2504 4229,2503 4341,2502 4453,2504 4565,2505 4677,2508 4789,2511 4902,2516"
                         HEIGHT="181"
                         WIDTH="2273"
                         VPOS="2433"
                         HPOS="2643">
                  <String ID="string_r1l16"
                          HEIGHT="181"
                          WIDTH="2273"
                          VPOS="2433"
                          HPOS="2643"
                          CONTENT="Prof. Hefele hebt hauptſächlich hervor, daß"/>
               </TextLine>
               <TextLine ID="r1l17"
                         BASELINE="2650,2696 2760,2693 2871,2690 2982,2686 3093,2682 3204,2679 3314,2675 3425,2672 3536,2668 3647,2666 3758,2663 3868,2660 3979,2660 4090,2658 4201,2658 4312,2658 4422,2660 4533,2662 4644,2664 4755,2668 4866,2672"
                         HEIGHT="238"
                         WIDTH="2246"
                         VPOS="2516"
                         HPOS="2635">
                  <String ID="string_r1l17"
                          HEIGHT="238"
                          WIDTH="2246"
                          VPOS="2516"
                          HPOS="2635"
                          CONTENT="p Schim̄ele weder durch eine Disputation"/>
               </TextLine>
               <TextLine ID="r1l18"
                         BASELINE="2662,2812 2773,2811 2885,2810 2997,2808 3108,2804 3220,2802 3332,2800 3443,2796 3555,2794 3667,2792 3779,2790 3890,2790 4002,2790 4114,2790 4225,2790 4337,2793 4449,2797 4560,2802 4672,2808 4784,2816 4896,2826"
                         HEIGHT="180"
                         WIDTH="2266"
                         VPOS="2719"
                         HPOS="2646">
                  <String ID="string_r1l18"
                          HEIGHT="180"
                          WIDTH="2266"
                          VPOS="2719"
                          HPOS="2646"
                          CONTENT="noch durch irgend ein ſchriftſtelleriſches Werk"/>
               </TextLine>
               <TextLine ID="r1l19"
                         BASELINE="2672,2944 2784,2940 2896,2938 3008,2934 3121,2932 3233,2929 3345,2926 3458,2924 3570,2922 3682,2922 3795,2920 3907,2920 4019,2920 4131,2920 4244,2922 4356,2924 4468,2926 4581,2928 4693,2932 4805,2937 4918,2942"
                         HEIGHT="151"
                         WIDTH="2275"
                         VPOS="2852"
                         HPOS="2657">
                  <String ID="string_r1l19"
                          HEIGHT="151"
                          WIDTH="2275"
                          VPOS="2852"
                          HPOS="2657"
                          CONTENT="ſich ſeine wiſſenſchaftliche Tüchtigkeit erprobt"/>
               </TextLine>
               <TextLine ID="r1l20"
                         BASELINE="2646,3064 2761,3064 2876,3061 2991,3059 3106,3056 3221,3054 3336,3052 3451,3050 3566,3048 3681,3046 3797,3046 3912,3046 4027,3048 4142,3049 4257,3052 4372,3056 4487,3061 4602,3069 4717,3076 4832,3086 4948,3098"
                         HEIGHT="195"
                         WIDTH="2331"
                         VPOS="2934"
                         HPOS="2631">
                  <String ID="string_r1l20"
                          HEIGHT="195"
                          WIDTH="2331"
                          VPOS="2934"
                          HPOS="2631"
                          CONTENT="habe, und will ſodan̄ die gegen p Schim̄ele"/>
               </TextLine>
               <TextLine ID="r1l21"
                         BASELINE="2658,3194 2763,3190 2869,3188 2974,3184 3080,3182 3186,3181 3291,3180 3397,3180 3502,3180 3608,3180 3714,3182 3819,3184 3925,3184 4030,3186 4136,3188 4242,3191 4347,3192 4453,3194 4558,3196 4664,3198 4770,3200"
                         HEIGHT="208"
                         WIDTH="2142"
                         VPOS="3075"
                         HPOS="2642">
                  <String ID="string_r1l21"
                          HEIGHT="208"
                          WIDTH="2142"
                          VPOS="3075"
                          HPOS="2642"
                          CONTENT="vorgebrachte Beſchuldigung des Plagiats"/>
               </TextLine>
               <TextLine ID="r1l22"
                         BASELINE="2610,3338 2721,3336 2833,3332 2945,3329 3056,3326 3168,3324 3280,3322 3391,3319 3503,3318 3615,3316 3727,3314 3838,3313 3950,3312 4062,3312 4173,3310 4285,3310 4397,3310 4508,3310 4620,3310 4732,3310 4844,3312"
                         HEIGHT="183"
                         WIDTH="2264"
                         VPOS="3225"
                         HPOS="2595">
                  <String ID="string_r1l22"
                          HEIGHT="183"
                          WIDTH="2264"
                          VPOS="3225"
                          HPOS="2595"
                          CONTENT="in ſeinen Vorleſungen näher erläutern und"/>
               </TextLine>
               <TextLine ID="line_1631517669381_11"
                         BASELINE="2636,3460 2664,3459 2693,3458 2721,3458 2750,3456 2778,3456 2807,3456 2835,3454 2864,3454 2892,3454 2921,3453 2949,3452 2978,3452 3006,3452 3035,3452 3063,3450 3092,3450 3120,3450 3149,3448 3177,3447 3206,3446 3502,3436 3568,3436 3635,3435 3702,3434 3769,3434 3836,3434 3902,3432 3969,3432 4036,3432 4103,3432 4170,3432 4236,3432 4303,3432 4370,3432 4437,3432 4504,3434 4570,3434 4637,3436 4704,3438 4771,3440 4838,3444"
                         HEIGHT="232"
                         WIDTH="2231"
                         VPOS="3323"
                         HPOS="2621">
                  <String ID="string_line_1631517669381_11"
                          HEIGHT="232"
                          WIDTH="2231"
                          VPOS="3323"
                          HPOS="2621"
                          CONTENT="rechtfertigen. Ueber den leztern Punkt"/>
               </TextLine>
               <TextLine ID="line_1631517674579_16"
                         BASELINE="2632,3596 2744,3596 2857,3596 2969,3594 3082,3592 3195,3590 3307,3588 3420,3586 3532,3583 3645,3580 3758,3578 3870,3576 3913,3575"
                         HEIGHT="165"
                         WIDTH="1311"
                         VPOS="3504"
                         HPOS="2617">
                  <String ID="string_line_1631517674579_16"
                          HEIGHT="165"
                          WIDTH="1311"
                          VPOS="3504"
                          HPOS="2617"
                          CONTENT="entſtehen ſodan̄ heftige"/>
               </TextLine>
               <TextLine ID="r1l25"
                         BASELINE="3480,3504 3506,3503 3532,3502 3558,3502 3584,3502 3610,3502 3636,3502 3662,3502 3689,3501 3715,3500 3741,3500 3767,3499 3793,3497 3819,3496 3845,3495 3871,3493 3898,3490"
                         HEIGHT="118"
                         WIDTH="449"
                         VPOS="3431"
                         HPOS="3465">
                  <String ID="string_r1l25"
                          HEIGHT="118"
                          WIDTH="449"
                          VPOS="3431"
                          HPOS="3465"
                          CONTENT="lebhafte"/>
               </TextLine>
               <TextLine ID="line_1631517674579_15"
                         BASELINE="3913,3575 3983,3574 4095,3572 4208,3572 4321,3570 4433,3572 4546,3572 4658,3576 4771,3579 4884,3584"
                         HEIGHT="209"
                         WIDTH="999"
                         VPOS="3442"
                         HPOS="3899">
                  <String ID="string_line_1631517674579_15"
                          HEIGHT="209"
                          WIDTH="999"
                          VPOS="3442"
                          HPOS="3899"
                          CONTENT="Debatten zwiſchen"/>
               </TextLine>
               <TextLine ID="r1l27"
                         BASELINE="2672,3734 2783,3732 2895,3730 3007,3728 3118,3726 3230,3724 3342,3721 3453,3718 3565,3717 3677,3716 3789,3714 3900,3712 4012,3712 4124,3712 4235,3712 4347,3712 4459,3714 4570,3715 4682,3718 4794,3722 4906,3726"
                         HEIGHT="158"
                         WIDTH="2263"
                         VPOS="3615"
                         HPOS="2657">
                  <String ID="string_r1l27"
                          HEIGHT="158"
                          WIDTH="2263"
                          VPOS="3615"
                          HPOS="2657"
                          CONTENT="dem Referenten, Prof. Warnkönig, O.Kirchen‗"/>
               </TextLine>
               <TextLine ID="r1l28"
                         BASELINE="2656,3860 2769,3862 2882,3864 2995,3864 3108,3864 3222,3862 3335,3860 3448,3858 3561,3856 3674,3854 3788,3852 3901,3852 4014,3850 4127,3850 4240,3852 4354,3854 4467,3859 4580,3863 4693,3871 4806,3880 4920,3892"
                         HEIGHT="205"
                         WIDTH="2295"
                         VPOS="3746"
                         HPOS="2640">
                  <String ID="string_r1l28"
                          HEIGHT="205"
                          WIDTH="2295"
                          VPOS="3746"
                          HPOS="2640"
                          CONTENT="rath Schott pp einer= und den Profeßoren"/>
               </TextLine>
               <TextLine ID="r1l29"
                         BASELINE="2676,3994 2784,3998 2892,4001 3001,4002 3109,4004 3218,4002 3326,4002 3434,4000 3543,3998 3651,3996 3760,3992 3868,3991 3976,3988 4085,3988 4193,3986 4302,3986 4410,3987 4518,3988 4627,3992 4735,3996 4844,4002"
                         HEIGHT="168"
                         WIDTH="2198"
                         VPOS="3889"
                         HPOS="2662">
                  <String ID="string_r1l29"
                          HEIGHT="168"
                          WIDTH="2198"
                          VPOS="3889"
                          HPOS="2662"
                          CONTENT="Kuhn, Hefele, Welte p ander=Seits."/>
               </TextLine>
               <TextLine ID="r1l30"
                         BASELINE="2666,4148 2778,4150 2890,4150 3003,4150 3115,4150 3228,4148 3340,4148 3452,4145 3565,4143 3677,4140 3790,4138 3902,4136 4014,4134 4127,4132 4239,4132 4352,4130 4464,4130 4576,4132 4689,4132 4801,4134 4914,4138"
                         HEIGHT="217"
                         WIDTH="2278"
                         VPOS="4015"
                         HPOS="2651">
                  <String ID="string_r1l30"
                          HEIGHT="217"
                          WIDTH="2278"
                          VPOS="4015"
                          HPOS="2651"
                          CONTENT="Während dieſe ihre desfallſigen Behauptungen"/>
               </TextLine>
               <TextLine ID="r1l31"
                         BASELINE="2658,4290 2761,4284 2865,4282 2969,4278 3073,4276 3177,4272 3281,4270 3385,4268 3489,4266 3593,4264 3697,4264 3800,4262 3904,4261 4008,4260 4112,4258 4216,4258 4320,4256 4424,4256 4528,4254 4632,4254 4736,4252"
                         HEIGHT="189"
                         WIDTH="2108"
                         VPOS="4163"
                         HPOS="2643">
                  <String ID="string_r1l31"
                          HEIGHT="189"
                          WIDTH="2108"
                          VPOS="4163"
                          HPOS="2643"
                          CONTENT="durch Vorlegung von Auszügen aus den"/>
               </TextLine>
               <TextLine ID="r1l32"
                         BASELINE="2660,4416 2772,4412 2885,4408 2998,4406 3110,4402 3223,4398 3336,4396 3448,4393 3561,4390 3674,4388 3787,4384 3899,4382 4012,4380 4125,4379 4237,4378 4350,4376 4463,4376 4575,4376 4688,4376 4801,4378 4914,4378"
                         HEIGHT="180"
                         WIDTH="2284"
                         VPOS="4275"
                         HPOS="2646">
                  <String ID="string_r1l32"
                          HEIGHT="180"
                          WIDTH="2284"
                          VPOS="4275"
                          HPOS="2646"
                          CONTENT="Collegheften des p Schim̄ele aufrecht erhalten"/>
               </TextLine>
               <TextLine ID="r1l33"
                         BASELINE="2672,4544 2783,4544 2894,4544 3005,4542 3116,4538 3227,4536 3338,4531 3449,4526 3560,4522 3671,4518 3783,4512 3894,4508 4005,4504 4116,4502 4227,4500 4338,4498 4449,4500 4560,4502 4671,4506 4782,4512 4894,4520"
                         HEIGHT="208"
                         WIDTH="2255"
                         VPOS="4410"
                         HPOS="2655">
                  <String ID="string_r1l33"
                          HEIGHT="208"
                          WIDTH="2255"
                          VPOS="4410"
                          HPOS="2655"
                          CONTENT="wollen, ſuchen dieſe jene — und insbeſondere"/>
               </TextLine>
               <TextLine ID="r1l34"
                         BASELINE="2642,4652 2753,4656 2865,4658 2977,4658 3089,4656 3201,4654 3313,4652 3425,4648 3537,4644 3649,4640 3761,4636 3872,4632 3984,4628 4096,4626 4208,4624 4320,4622 4432,4622 4544,4623 4656,4626 4768,4630 4880,4638"
                         HEIGHT="209"
                         WIDTH="2271"
                         VPOS="4522"
                         HPOS="2625">
                  <String ID="string_r1l34"
                          HEIGHT="209"
                          WIDTH="2271"
                          VPOS="4522"
                          HPOS="2625"
                          CONTENT="der Referent — gleichfalls durch Vorzeigung"/>
               </TextLine>
               <TextLine ID="r1l35"
                         BASELINE="2672,4790 2777,4788 2882,4785 2987,4780 3092,4778 3197,4774 3302,4772 3407,4768 3512,4765 3617,4762 3722,4758 3827,4756 3932,4754 4037,4751 4142,4749 4247,4746 4352,4745 4457,4744 4562,4742 4667,4740 4772,4740"
                         HEIGHT="198"
                         WIDTH="2133"
                         VPOS="4644"
                         HPOS="2655">
                  <String ID="string_r1l35"
                          HEIGHT="198"
                          WIDTH="2133"
                          VPOS="4644"
                          HPOS="2655"
                          CONTENT="von Excerpten eine ſolche Beſchuldigung"/>
               </TextLine>
               <TextLine ID="r1l36"
                         BASELINE="2634,4926 2742,4920 2850,4915 2958,4911 3066,4906 3175,4904 3283,4902 3391,4900 3499,4898 3607,4898 3716,4896 3824,4896 3932,4896 4040,4896 4148,4896 4257,4896 4365,4894 4473,4894 4581,4892 4689,4890 4798,4888"
                         HEIGHT="187"
                         WIDTH="2193"
                         VPOS="4795"
                         HPOS="2619">
                  <String ID="string_r1l36"
                          HEIGHT="187"
                          WIDTH="2193"
                          VPOS="4795"
                          HPOS="2619"
                          CONTENT="zu entkräften und nachzuweiſen, daß auch"/>
               </TextLine>
               <TextLine ID="line_1631517690637_24"
                         BASELINE="2626,5060 2740,5058 2854,5056 2968,5054 3082,5052 3196,5050 3310,5046 3424,5044 3538,5042 3652,5039 3766,5038 3869,5036"
                         HEIGHT="188"
                         WIDTH="1274"
                         VPOS="4922"
                         HPOS="2609">
                  <String ID="string_line_1631517690637_24"
                          HEIGHT="188"
                          WIDTH="1274"
                          VPOS="4922"
                          HPOS="2609"
                          CONTENT="der Lehrer des p Schim̄ele"/>
               </TextLine>
               <TextLine ID="r1l37"
                         BASELINE="3824,4964 3850,4964 3876,4964 3903,4963 3929,4961 3956,4960 3982,4958 4009,4957 4035,4956 4062,4955 4088,4954 4115,4954 4141,4954 4168,4954"
                         HEIGHT="105"
                         WIDTH="376"
                         VPOS="4897"
                         HPOS="3807">
                  <String ID="string_r1l37"
                          HEIGHT="105"
                          WIDTH="376"
                          VPOS="4897"
                          HPOS="3807"
                          CONTENT="Prof. Mack"/>
               </TextLine>
               <TextLine ID="line_1631517690637_23"
                         BASELINE="3869,5036 3880,5036 3994,5034 4108,5034 4222,5034 4336,5034 4450,5036 4564,5038 4678,5042 4792,5046 4906,5052"
                         HEIGHT="190"
                         WIDTH="1068"
                         VPOS="4931"
                         HPOS="3854">
                  <String ID="string_line_1631517690637_23"
                          HEIGHT="190"
                          WIDTH="1068"
                          VPOS="4931"
                          HPOS="3854"
                          CONTENT="ja ſelbſt Mitglieder"/>
               </TextLine>
               <TextLine ID="r1l39"
                         BASELINE="2652,5192 2759,5189 2867,5186 2974,5183 3082,5180 3189,5178 3297,5176 3404,5174 3512,5172 3619,5170 3727,5168 3834,5168 3942,5166 4049,5166 4157,5166 4264,5166 4372,5166 4479,5168 4587,5170 4694,5172 4802,5174"
                         HEIGHT="197"
                         WIDTH="2181"
                         VPOS="5077"
                         HPOS="2637">
                  <String ID="string_r1l39"
                          HEIGHT="197"
                          WIDTH="2181"
                          VPOS="5077"
                          HPOS="2637"
                          CONTENT="der gegenwärtigen kath. Facultät ſich ganz"/>
               </TextLine>
               <TextLine ID="r1l40"
                         BASELINE="2668,5324 2779,5320 2890,5314 3001,5310 3112,5307 3223,5305 3334,5302 3445,5300 3556,5300 3667,5298 3779,5298 3890,5298 4001,5298 4112,5298 4223,5298 4334,5300 4445,5300 4556,5300 4667,5302 4778,5302 4890,5302"
                         HEIGHT="143"
                         WIDTH="2251"
                         VPOS="5212"
                         HPOS="2654">
                  <String ID="string_r1l40"
                          HEIGHT="143"
                          WIDTH="2251"
                          VPOS="5212"
                          HPOS="2654"
                          CONTENT="auf ähnliche Weiſe wie p Schim̄ele fremder"/>
               </TextLine>
               <TextLine ID="r1l41"
                         BASELINE="2656,5454 2765,5452 2875,5448 2984,5446 3094,5444 3204,5442 3313,5438 3423,5435 3532,5433 3642,5430 3752,5428 3861,5426 3971,5424 4080,5422 4190,5420 4300,5418 4409,5418 4519,5416 4628,5416 4738,5416 4848,5416"
                         HEIGHT="204"
                         WIDTH="2220"
                         VPOS="5327"
                         HPOS="2640">
                  <String ID="string_r1l41"
                          HEIGHT="204"
                          WIDTH="2220"
                          VPOS="5327"
                          HPOS="2640"
                          CONTENT="Quellen, wie dieß ganz die Natur der"/>
               </TextLine>
               <TextLine ID="r1l42"
                         BASELINE="2650,5582 2759,5578 2869,5576 2979,5572 3089,5570 3199,5566 3308,5564 3418,5562 3528,5560 3638,5558 3748,5556 3857,5554 3967,5554 4077,5554 4187,5554 4297,5554 4406,5554 4516,5556 4626,5558 4736,5560 4846,5564"
                         HEIGHT="238"
                         WIDTH="2228"
                         VPOS="5435"
                         HPOS="2634">
                  <String ID="string_r1l42"
                          HEIGHT="238"
                          WIDTH="2228"
                          VPOS="5435"
                          HPOS="2634"
                          CONTENT="Sache mit ſich bringe, bedienen. Referent"/>
               </TextLine>
               <TextLine ID="r1l43"
                         BASELINE="2668,5722 2779,5718 2891,5714 3003,5711 3115,5707 3227,5703 3339,5700 3451,5696 3563,5693 3675,5690 3787,5688 3898,5685 4010,5682 4122,5682 4234,5680 4346,5680 4458,5678 4570,5680 4682,5680 4794,5682 4906,5684"
                         HEIGHT="177"
                         WIDTH="2268"
                         VPOS="5613"
                         HPOS="2652">
                  <String ID="string_r1l43"
                          HEIGHT="177"
                          WIDTH="2268"
                          VPOS="5613"
                          HPOS="2652"
                          CONTENT="hierüber von - Prof. Kuhn zu näherer Erklärung"/>
               </TextLine>
               <TextLine ID="line_1631517734319_49"
                         BASELINE="2668,5844 2778,5841 2889,5838 2999,5834 3110,5831 3221,5828 3331,5824 3442,5820 3552,5816 3663,5814 3774,5810 3884,5806 3994,5804"
                         HEIGHT="193"
                         WIDTH="1356"
                         VPOS="5722"
                         HPOS="2652">
                  <String ID="string_line_1631517734319_49"
                          HEIGHT="193"
                          WIDTH="1356"
                          VPOS="5722"
                          HPOS="2652"
                          CONTENT="aufgefordert - trägt eine"/>
               </TextLine>
               <TextLine ID="line_1631517717430_32"
                         BASELINE="3825,5769 3955,5773"
                         HEIGHT="95"
                         WIDTH="162"
                         VPOS="5693"
                         HPOS="3810">
                  <String ID="string_line_1631517717430_32"
                          HEIGHT="95"
                          WIDTH="162"
                          VPOS="5693"
                          HPOS="3810"
                          CONTENT="die"/>
               </TextLine>
               <TextLine ID="r1l44"
                         BASELINE="1688,5812 1728,5812 1768,5812 1808,5810 1848,5810 1889,5808 1929,5806 1969,5805 2009,5804 2049,5802 2090,5800 2130,5799 2170,5798 2210,5796 2250,5796 2291,5796 2331,5796 2371,5796 2411,5796 2451,5798 2492,5798"
                         HEIGHT="146"
                         WIDTH="836"
                         VPOS="5720"
                         HPOS="1671">
                  <String ID="string_r1l44"
                          HEIGHT="146"
                          WIDTH="836"
                          VPOS="5720"
                          HPOS="1671"
                          CONTENT="╕ von ihme vorgenom̄ene"/>
               </TextLine>
               <TextLine ID="line_1631517734319_48"
                         BASELINE="3994,5804 3995,5804 4105,5802 4216,5800 4327,5798 4437,5798 4548,5798 4658,5798 4769,5800 4880,5802"
                         HEIGHT="181"
                         WIDTH="917"
                         VPOS="5708"
                         HPOS="3979">
                  <String ID="string_line_1631517734319_48"
                          HEIGHT="181"
                          WIDTH="917"
                          VPOS="5708"
                          HPOS="3979"
                          CONTENT="Unterſuchung der"/>
               </TextLine>
               <TextLine ID="line_1631517748996_56"
                         BASELINE="2428,5994 2547,5992 2666,5990 2786,5986 2905,5982 3025,5978 3144,5972 3263,5968 3383,5963 3466,5959"
                         HEIGHT="174"
                         WIDTH="1068"
                         VPOS="5889"
                         HPOS="2413">
                  <String ID="string_line_1631517748996_56"
                          HEIGHT="174"
                          WIDTH="1068"
                          VPOS="5889"
                          HPOS="2413"
                          CONTENT="einer Vorleſungen von"/>
               </TextLine>
               <TextLine ID="line_1631517720791_37"
                         BASELINE="3325,5910 3446,5914"
                         HEIGHT="108"
                         WIDTH="153"
                         VPOS="5832"
                         HPOS="3310">
                  <String ID="string_line_1631517720791_37"
                          HEIGHT="108"
                          WIDTH="153"
                          VPOS="5832"
                          HPOS="3310"
                          CONTENT="des"/>
               </TextLine>
               <TextLine ID="line_1631517748996_55"
                         BASELINE="3466,5959 3502,5958 3622,5953 3741,5949 3860,5944 3980,5940 4099,5936 4219,5934 4338,5932 4457,5932 4577,5931 4696,5932 4816,5934"
                         HEIGHT="189"
                         WIDTH="1380"
                         VPOS="5837"
                         HPOS="3451">
                  <String ID="string_line_1631517748996_55"
                          HEIGHT="189"
                          WIDTH="1380"
                          VPOS="5837"
                          HPOS="3451"
                          CONTENT="Prof. Welte vor und führt"/>
               </TextLine>
               <TextLine ID="line_1631517766864_68"
                         BASELINE="2628,6136 2735,6130 2843,6123 2950,6116 3058,6108 3166,6102 3273,6094 3381,6086 3488,6080 3596,6072 3704,6068 3811,6062 3888,6059"
                         HEIGHT="197"
                         WIDTH="1296"
                         VPOS="5971"
                         HPOS="2610">
                  <String ID="string_line_1631517766864_68"
                          HEIGHT="197"
                          WIDTH="1296"
                          VPOS="5971"
                          HPOS="2610"
                          CONTENT="aus, daß  in derſelben"/>
               </TextLine>
               <TextLine ID="line_1631517725136_42"
                         BASELINE="3908,6015 4060,6015"
                         HEIGHT="86"
                         WIDTH="183"
                         VPOS="5951"
                         HPOS="3892">
                  <String ID="string_line_1631517725136_42"
                          HEIGHT="86"
                          WIDTH="183"
                          VPOS="5951"
                          HPOS="3892"
                          CONTENT="hier"/>
               </TextLine>
               <TextLine ID="line_1631517766864_67"
                         BASELINE="3888,6059 3919,6058 4026,6053 4134,6050 4242,6048 4349,6048 4457,6048 4564,6050 4611,6051"
                         HEIGHT="136"
                         WIDTH="752"
                         VPOS="5984"
                         HPOS="3873">
                  <String ID="string_line_1631517766864_67"
                          HEIGHT="136"
                          WIDTH="752"
                          VPOS="5984"
                          HPOS="3873"
                          CONTENT="p Schim̄ele"/>
               </TextLine>
               <TextLine ID="r1l47"
                         BASELINE="4210,5998 4236,5998 4262,5997 4288,5996 4314,5996 4341,5994 4367,5994 4393,5992 4419,5989 4445,5987 4472,5984"
                         HEIGHT="109"
                         WIDTH="295"
                         VPOS="5937"
                         HPOS="4192">
                  <String ID="string_r1l47"
                          HEIGHT="109"
                          WIDTH="295"
                          VPOS="5937"
                          HPOS="4192"
                          CONTENT="Welte"/>
               </TextLine>
               <TextLine ID="line_1631517765361_62"
                         BASELINE="4611,6051 4672,6053 4780,6058"
                         HEIGHT="131"
                         WIDTH="203"
                         VPOS="5937"
                         HPOS="4596">
                  <String ID="string_line_1631517765361_62"
                          HEIGHT="131"
                          WIDTH="203"
                          VPOS="5937"
                          HPOS="4596"
                          CONTENT="in"/>
               </TextLine>
               <TextLine ID="r1l49"
                         BASELINE="2612,6264 2723,6262 2834,6258 2945,6254 3057,6250 3168,6244 3279,6240 3391,6234 3502,6230 3613,6224 3725,6218 3836,6214 3947,6208 4058,6203 4170,6198 4281,6194 4392,6191 4504,6188 4615,6185 4726,6184 4838,6182"
                         HEIGHT="226"
                         WIDTH="2258"
                         VPOS="6107"
                         HPOS="2595">
                  <String ID="string_r1l49"
                          HEIGHT="226"
                          WIDTH="2258"
                          VPOS="6107"
                          HPOS="2595"
                          CONTENT="Beziehung auf die Benutzung fremder Quellen"/>
               </TextLine>
               <TextLine ID="r1l50"
                         BASELINE="2632,6396 2737,6388 2843,6384 2949,6378 3054,6374 3160,6372 3266,6370 3371,6368 3477,6366 3583,6364 3689,6364 3794,6362 3900,6360 4006,6360 4111,6358 4217,6354 4323,6352 4428,6348 4534,6343 4640,6337 4746,6330"
                         HEIGHT="186"
                         WIDTH="2142"
                         VPOS="6238"
                         HPOS="2617">
                  <String ID="string_r1l50"
                          HEIGHT="186"
                          WIDTH="2142"
                          VPOS="6238"
                          HPOS="2617"
                          CONTENT="auf keinem andern StandPunkte ſtehe"/>
               </TextLine>
               <TextLine ID="line_1631517798163_85"
                         BASELINE="2676,6504 2778,6502 2881,6498 2983,6496 3086,6494 3188,6492 3291,6490 3393,6488 3496,6488 3598,6486 3638,6485"
                         HEIGHT="173"
                         WIDTH="991"
                         VPOS="6412"
                         HPOS="2661">
                  <String ID="string_line_1631517798163_85"
                          HEIGHT="173"
                          WIDTH="991"
                          VPOS="6412"
                          HPOS="2661"
                          CONTENT="als Prof. Welte"/>
               </TextLine>
               <TextLine ID="r1l52"
                         BASELINE="3150,6434 3176,6432 3202,6432 3228,6431 3254,6430 3280,6430 3306,6430 3332,6430 3358,6430 3384,6430 3410,6430 3436,6428 3462,6426 3488,6425 3514,6422 3540,6420"
                         HEIGHT="92"
                         WIDTH="419"
                         VPOS="6364"
                         HPOS="3135">
                  <String ID="string_r1l52"
                          HEIGHT="92"
                          WIDTH="419"
                          VPOS="6364"
                          HPOS="3135"
                          CONTENT="Schim̄ele"/>
               </TextLine>
               <TextLine ID="line_1631517798163_84"
                         BASELINE="3638,6485 3701,6484 3803,6483 3906,6482 4008,6480 4111,6478 4213,6476 4316,6476 4418,6474 4514,6471"
                         HEIGHT="153"
                         WIDTH="909"
                         VPOS="6399"
                         HPOS="3621">
                  <String ID="string_line_1631517798163_84"
                          HEIGHT="153"
                          WIDTH="909"
                          VPOS="6399"
                          HPOS="3621"
                          CONTENT=", was letzterer"/>
               </TextLine>
               <TextLine ID="r1l51"
                         BASELINE="4194,6418 4220,6416 4247,6414 4273,6412 4300,6412 4326,6412 4353,6411 4379,6409 4406,6406 4432,6402 4459,6394 4486,6384"
                         HEIGHT="113"
                         WIDTH="326"
                         VPOS="6334"
                         HPOS="4176">
                  <String ID="string_r1l51"
                          HEIGHT="113"
                          WIDTH="326"
                          VPOS="6334"
                          HPOS="4176"
                          CONTENT="Jener"/>
               </TextLine>
               <TextLine ID="line_1631517796975_79"
                         BASELINE="4514,6471 4521,6471 4623,6469 4726,6466"
                         HEIGHT="146"
                         WIDTH="244"
                         VPOS="6362"
                         HPOS="4498">
                  <String ID="string_line_1631517796975_79"
                          HEIGHT="146"
                          WIDTH="244"
                          VPOS="6362"
                          HPOS="4498"
                          CONTENT="zu"/>
               </TextLine>
               <TextLine ID="r1l54"
                         BASELINE="2616,6644 2721,6640 2827,6636 2933,6632 3038,6630 3144,6626 3250,6624 3355,6622 3461,6620 3567,6618 3673,6616 3778,6613 3884,6611 3990,6610 4095,6607 4201,6605 4307,6602 4412,6600 4518,6596 4624,6594 4730,6590"
                         HEIGHT="177"
                         WIDTH="2144"
                         VPOS="6541"
                         HPOS="2601">
                  <String ID="string_r1l54"
                          HEIGHT="177"
                          WIDTH="2144"
                          VPOS="6541"
                          HPOS="2601"
                          CONTENT="widerlegen ſich bemüht. Nach längeren"/>
               </TextLine>
               <TextLine ID="r1l55"
                         BASELINE="2594,6772 2709,6771 2825,6770 2941,6767 3057,6764 3173,6760 3289,6756 3405,6752 3521,6748 3637,6744 3753,6740 3868,6736 3984,6734 4100,6732 4216,6732 4332,6732 4448,6734 4564,6738 4680,6744 4846,6746 4940,6840"
                         HEIGHT="280"
                         WIDTH="2372"
                         VPOS="6594"
                         HPOS="2580">
                  <String ID="string_r1l55"
                          HEIGHT="280"
                          WIDTH="2372"
                          VPOS="6594"
                          HPOS="2580"
                          CONTENT="Erörterungen erklärt ſich aber das h. Collegium"/>
               </TextLine>
               <TextLine ID="r1l56"
                         BASELINE="2602,6918 2713,6914 2824,6910 2936,6907 3047,6902 3159,6897 3270,6893 3381,6888 3493,6882 3604,6878 3716,6874 3827,6870 3938,6866 4050,6864 4161,6862 4273,6862 4384,6862 4495,6863 4607,6866 4718,6870 4830,6876"
                         HEIGHT="257"
                         WIDTH="2255"
                         VPOS="6729"
                         HPOS="2588">
                  <String ID="string_r1l56"
                          HEIGHT="257"
                          WIDTH="2255"
                          VPOS="6729"
                          HPOS="2588"
                          CONTENT="dafür, daß eine Unterſuchung der Be‗"/>
               </TextLine>
               <TextLine ID="r1l57"
                         BASELINE="2618,7060 2728,7052 2839,7042 2949,7036 3060,7030 3170,7024 3281,7019 3391,7016 3502,7012 3612,7009 3723,7006 3833,7004 3944,7004 4054,7002 4165,7002 4275,7002 4386,7002 4496,7002 4607,7002 4717,7002 4828,7004"
                         HEIGHT="194"
                         WIDTH="2241"
                         VPOS="6911"
                         HPOS="2601">
                  <String ID="string_r1l57"
                          HEIGHT="194"
                          WIDTH="2241"
                          VPOS="6911"
                          HPOS="2601"
                          CONTENT="ſchuldigung des Plagiats als überflüßig"/>
               </TextLine>
               <TextLine ID="r1l58"
                         BASELINE="2638,7190 2750,7187 2862,7184 2974,7181 3087,7178 3199,7174 3311,7171 3424,7166 3536,7162 3648,7159 3761,7155 3873,7150 3985,7146 4097,7144 4210,7140 4322,7138 4434,7136 4547,7134 4659,7132 4771,7132 4884,7132"
                         HEIGHT="251"
                         WIDTH="2277"
                         VPOS="7015"
                         HPOS="2621">
                  <String ID="string_r1l58"
                          HEIGHT="251"
                          WIDTH="2277"
                          VPOS="7015"
                          HPOS="2621"
                          CONTENT="erſcheine und daher die Debatten in dieſer"/>
               </TextLine>
            </TextBlock>
         </PrintSpace>
      </Page>
   </Layout>
</alto>
