5221 7894
4762 340 126 139 8.

2666 746 2335 237 Die hierauf eröffnete Discuſsion

2670 906 2228 265 über den fragl. Gegenſtand betraf

2728 1061 2295 277 zunächſt die Frage, ob der frühere

2676 1217 2337 300 Antrag des Senats auf die An‗

2692 1390 2334 306 ſtellung von zwei Lehrern feſtge‗

2713 1564 2352 304 halten, oder ob nach dem Gutachten

2668 1764 2354 292 der Facultät nur Ein Lehrer in

2677 2003 1950 238 Vorſchlag kom̄en ſolle?

2963 2167 2056 234 Nachdem mit großer Majorität

2695 2322 2334 297 beſchloßen worden war, den früheren

2730 2512 2295 295 Antrag feſtzuhalten, kam die

2780 2703 2239 286 Frage zur Erörterung, ob die

2720 2915 2239 275 von dem Miniſterium und der

2708 3077 2298 301 philosoph. Facultät namhaft

2742 3257 2297 300 gemachten Män̄er nach dem An‗

2724 3435 2331 333 trag der Facult. u. des Referenten

2796 3608 1969 338 zu beſeitigen ſeyen?

2958 3831 2079 291 Hiebei ergab ſich nur hinſichtlich

2658 3994 2370 316 des Cand. Hoffman̄ eine Meinungs=

2707 4158 2304 322 Verſchiedenheit. D. v. Baur glaubte

2696 4323 2304 322 nämlich, daß die von der Facultät

2691 4497 2341 303 gegebene Prädicirung p Hoffman̄'s

2684 4685 2334 302 etwas zu günſtig ſey u. daß der‗

2730 4838 2250 334 ſelbe den übrigen beſeitigten

2694 5031 2224 312 Candidaten gleichzuſtellen ſey;

2709 5212 2311 305 wogegen Dr. Mayer das vortheil‗

2729 5396 2279 313 hafte Urtheil über p Hoffman̄ be

2694 5598 2316 301 unterſtützte u. den Antrag ſtellte,

2696 5778 2350 302 daß derſelbe als für die philosoph.

2680 5971 2318 287 Lehrſtelle befähigt vorgeſchlagen

2674 6169 2324 273 werde. Durch Stim̄en=Mehrheit

2698 6356 2297 281 wurde jedoch beſchloßen, den Cand.

2689 6557 2196 281 Hoffman̄ nach dem Antrag des

2742 6730 2123 264 Referenten zu beſeitigen.
