<?xml version="1.0" encoding="UTF-8"?>
<alto xmlns:xsi="http://www.w3.org/2001/XMLSchema-instance"
      xmlns="http://www.loc.gov/standards/alto/ns-v4#"
      xmlns:page="http://schema.primaresearch.org/PAGE/gts/pagecontent/2013-07-15"
      xsi:schemaLocation="http://www.loc.gov/standards/alto/ns-v4# https://www.loc.gov/standards/alto/v4/alto.xsd">
   <Description>
      <MeasurementUnit>pixel</MeasurementUnit>
      <sourceImageInformation>
         <fileName>UAT_047_28_037.jpg</fileName>
      </sourceImageInformation>
      <Processing ID="IdOcr">
         <processingDateTime>2023-05-09T09:07:30.055+02:00</processingDateTime>
         <processingSoftware>
            <softwareCreator>READ COOP</softwareCreator>
            <softwareName>Transkribus</softwareName>
         </processingSoftware>
      </Processing>
   </Description>
   <Layout>
      <Page ID="Page1" PHYSICAL_IMG_NR="1" HEIGHT="7894" WIDTH="5221">
         <TopMargin HEIGHT="0" WIDTH="5221" VPOS="0" HPOS="0"/>
         <LeftMargin HEIGHT="7894" WIDTH="0" VPOS="0" HPOS="0"/>
         <RightMargin HEIGHT="7894" WIDTH="0" VPOS="0" HPOS="5221"/>
         <BottomMargin HEIGHT="0" WIDTH="5221" VPOS="7894" HPOS="0"/>
         <PrintSpace HEIGHT="7894" WIDTH="5221" VPOS="0" HPOS="0">
            <TextBlock ID="TextRegion_1573656398744_427"
                       HEIGHT="6625"
                       WIDTH="3208"
                       VPOS="292"
                       HPOS="1848"
                       LANG="">
               <Shape>
                  <Polygon POINTS="1848,700 4541,292 5015,292 5056,700 5056,3948 5056,6908 2644,6917 2659,5369 2657,4333 1854,4336 1848,3948 1848,3716"/>
               </Shape>
               <TextLine ID="line_1567756693194_241"
                         BASELINE="4628,533 4973,507"
                         HEIGHT="76"
                         WIDTH="348"
                         VPOS="462"
                         HPOS="4625">
                  <String ID="string_line_1567756693194_241"
                          HEIGHT="76"
                          WIDTH="348"
                          VPOS="462"
                          HPOS="4625"
                          CONTENT="3."/>
               </TextLine>
               <TextLine ID="r1l1"
                         BASELINE="2651,895 2766,891 2881,887 2996,882 3111,879 3226,876 3341,872 3456,869 3571,866 3686,863 3802,859 3917,855 4032,851 4147,846 4262,840 4377,833 4492,825 4607,817 4722,807 4837,797 4953,785"
                         HEIGHT="237"
                         WIDTH="2302"
                         VPOS="700"
                         HPOS="2651">
                  <String ID="string_r1l1"
                          HEIGHT="237"
                          WIDTH="2302"
                          VPOS="700"
                          HPOS="2651"
                          CONTENT="nachdem zuvor Herr Prof. D. Hepp,"/>
               </TextLine>
               <TextLine ID="r1l2"
                         BASELINE="2707,1076 2829,1071 2951,1065 3073,1060 3195,1055 3317,1050 3439,1045 3561,1041 3683,1036 3805,1031 3927,1026 4049,1021 4171,1015 4293,1008 4415,1001 4537,994 4659,985 4781,976 4903,966 5026,955"
                         HEIGHT="248"
                         WIDTH="2319"
                         VPOS="870"
                         HPOS="2707">
                  <String ID="string_r1l2"
                          HEIGHT="248"
                          WIDTH="2319"
                          VPOS="870"
                          HPOS="2707"
                          CONTENT="als ProRector, den Vorſitz einge‗"/>
               </TextLine>
               <TextLine ID="r1l3"
                         BASELINE="2676,1254 2734,1255 2793,1255 2851,1254 2910,1252 2969,1250 3027,1247 3086,1243 3144,1239 3203,1235 3262,1231 3320,1225 3379,1221 3437,1217 3496,1213 3555,1209 3613,1205 3672,1202 3730,1200 3789,1198 3848,1198"
                         HEIGHT="187"
                         WIDTH="1172"
                         VPOS="1111"
                         HPOS="2676">
                  <String ID="string_r1l3"
                          HEIGHT="187"
                          WIDTH="1172"
                          VPOS="1111"
                          HPOS="2676"
                          CONTENT="nom̄en hatte."/>
               </TextLine>
               <TextLine ID="r1l4"
                         BASELINE="2804,1440 2916,1436 3029,1432 3141,1428 3254,1424 3367,1420 3479,1417 3592,1413 3704,1410 3817,1405 3930,1401 4042,1396 4155,1391 4267,1385 4380,1379 4493,1371 4605,1364 4718,1356 4830,1346 4943,1336 5056,1324"
                         HEIGHT="246"
                         WIDTH="2252"
                         VPOS="1237"
                         HPOS="2804">
                  <String ID="string_r1l4"
                          HEIGHT="246"
                          WIDTH="2252"
                          VPOS="1237"
                          HPOS="2804"
                          CONTENT="Hℓ. Referent iſt nach dem Ergeb‗"/>
               </TextLine>
               <TextLine ID="r1l5"
                         BASELINE="2668,1626 2785,1620 2903,1615 3020,1610 3138,1605 3255,1601 3373,1597 3490,1594 3608,1589 3725,1585 3843,1581 3961,1576 4078,1571 4196,1566 4313,1560 4431,1553 4548,1546 4666,1538 4783,1529 4901,1519 5019,1507"
                         HEIGHT="249"
                         WIDTH="2351"
                         VPOS="1420"
                         HPOS="2668">
                  <String ID="string_r1l5"
                          HEIGHT="249"
                          WIDTH="2351"
                          VPOS="1420"
                          HPOS="2668"
                          CONTENT="niſſe der von dem Univerſ. Amte"/>
               </TextLine>
               <TextLine ID="r1l6"
                         BASELINE="2712,1820 2827,1817 2943,1813 3059,1809 3175,1805 3291,1800 3407,1795 3523,1789 3639,1785 3755,1778 3871,1772 3986,1766 4102,1759 4218,1752 4334,1744 4450,1737 4566,1728 4682,1719 4798,1710 4914,1700 5030,1691"
                         HEIGHT="259"
                         WIDTH="2318"
                         VPOS="1604"
                         HPOS="2712">
                  <String ID="string_r1l6"
                          HEIGHT="259"
                          WIDTH="2318"
                          VPOS="1604"
                          HPOS="2712"
                          CONTENT="gepflogenen weiteren Unterſuch‗"/>
               </TextLine>
               <TextLine ID="r1l7"
                         BASELINE="2668,2043 2780,2036 2892,2028 3004,2021 3116,2014 3229,2007 3341,2000 3453,1993 3565,1986 3677,1979 3790,1971 3902,1964 4014,1956 4126,1949 4238,1940 4351,1933 4463,1925 4575,1916 4687,1907 4799,1898 4912,1889"
                         HEIGHT="284"
                         WIDTH="2244"
                         VPOS="1802"
                         HPOS="2668">
                  <String ID="string_r1l7"
                          HEIGHT="284"
                          WIDTH="2244"
                          VPOS="1802"
                          HPOS="2668"
                          CONTENT="ungen der Anſicht, daß das"/>
               </TextLine>
               <TextLine ID="r1l8"
                         BASELINE="2698,2222 2815,2216 2932,2211 3049,2205 3167,2200 3284,2194 3401,2188 3518,2181 3636,2174 3753,2168 3870,2161 3987,2154 4105,2147 4222,2139 4339,2132 4456,2124 4574,2116 4691,2109 4808,2101 4925,2093 5043,2084"
                         HEIGHT="268"
                         WIDTH="2345"
                         VPOS="1997"
                         HPOS="2698">
                  <String ID="string_r1l8"
                          HEIGHT="268"
                          WIDTH="2345"
                          VPOS="1997"
                          HPOS="2698"
                          CONTENT="Erken̄tniß der acad. Discipl. Com̄iſs."/>
               </TextLine>
               <TextLine ID="r1l9"
                         BASELINE="2674,2400 2789,2398 2905,2396 3021,2392 3137,2389 3253,2384 3368,2379 3484,2373 3600,2366 3716,2359 3832,2352 3947,2345 4063,2336 4179,2328 4295,2318 4411,2310 4526,2301 4642,2291 4758,2282 4874,2272 4990,2262"
                         HEIGHT="268"
                         WIDTH="2316"
                         VPOS="2175"
                         HPOS="2674">
                  <String ID="string_r1l9"
                          HEIGHT="268"
                          WIDTH="2316"
                          VPOS="2175"
                          HPOS="2674"
                          CONTENT="vom 15. Sept. V. J. vollkom̄en zu"/>
               </TextLine>
               <TextLine ID="r1l10"
                         BASELINE="2709,2599 2821,2594 2934,2589 3046,2583 3159,2577 3271,2570 3384,2562 3496,2555 3609,2546 3721,2538 3834,2529 3947,2519 4059,2510 4172,2501 4284,2490 4397,2480 4509,2470 4622,2460 4734,2450 4847,2440 4960,2429"
                         HEIGHT="300"
                         WIDTH="2251"
                         VPOS="2342"
                         HPOS="2709">
                  <String ID="string_r1l10"
                          HEIGHT="300"
                          WIDTH="2251"
                          VPOS="2342"
                          HPOS="2709"
                          CONTENT="beſtätigen ſey, was ſofort auch"/>
               </TextLine>
               <TextLine ID="line_1567756713389_254"
                         BASELINE="3631,2731 3700,2726 3769,2722 3838,2717 3907,2713 3976,2708 4045,2704 4114,2700 4183,2696 4252,2691 4321,2687 4390,2682 4459,2678 4528,2672 4597,2667 4666,2662 4735,2656 4804,2650 4873,2644 4942,2637 5012,2630 2672,2808 2710,2805 2749,2803 2788,2800 2827,2797 2866,2795 2904,2792 2943,2790 2982,2787 3021,2784 3060,2781 3098,2778 3137,2775 3176,2772 3215,2769 3254,2766 3292,2763 3331,2759 3370,2756 3409,2753 3448,2750"
                         HEIGHT="308"
                         WIDTH="2340"
                         VPOS="2543"
                         HPOS="2672">
                  <String ID="string_line_1567756713389_254"
                          HEIGHT="308"
                          WIDTH="2340"
                          VPOS="2543"
                          HPOS="2672"
                          CONTENT="einſtim̄ig zum Beſchluß erhoben"/>
               </TextLine>
               <TextLine ID="r1l13"
                         BASELINE="2723,2977 2749,2978 2775,2977 2801,2977 2827,2976 2853,2975 2879,2973 2905,2971 2931,2970 2957,2968 2983,2966 3009,2965 3035,2964 3061,2963 3087,2963 3113,2964"
                         HEIGHT="132"
                         WIDTH="390"
                         VPOS="2885"
                         HPOS="2723">
                  <String ID="string_r1l13"
                          HEIGHT="132"
                          WIDTH="390"
                          VPOS="2885"
                          HPOS="2723"
                          CONTENT="wird."/>
               </TextLine>
               <TextLine ID="r1l14"
                         BASELINE="2866,3133 2974,3124 3082,3117 3190,3110 3299,3103 3407,3097 3515,3091 3624,3086 3732,3081 3840,3075 3949,3070 4057,3065 4165,3059 4273,3053 4382,3046 4490,3039 4598,3032 4707,3023 4815,3014 4923,3003 5032,2992"
                         HEIGHT="258"
                         WIDTH="2166"
                         VPOS="2914"
                         HPOS="2866">
                  <String ID="string_r1l14"
                          HEIGHT="258"
                          WIDTH="2166"
                          VPOS="2914"
                          HPOS="2866"
                          CONTENT="Die Mitglieder der Disc. Com̄iſs."/>
               </TextLine>
               <TextLine ID="r1l15"
                         BASELINE="2646,3324 2764,3314 2882,3303 3001,3294 3119,3285 3238,3276 3356,3269 3474,3262 3593,3254 3711,3247 3830,3240 3948,3233 4066,3225 4185,3218 4303,3210 4422,3202 4540,3193 4658,3183 4777,3173 4895,3162 5014,3149"
                         HEIGHT="295"
                         WIDTH="2368"
                         VPOS="3069"
                         HPOS="2646">
                  <String ID="string_r1l15"
                          HEIGHT="295"
                          WIDTH="2368"
                          VPOS="3069"
                          HPOS="2646"
                          CONTENT="nahmen an der Abſtim̄ung keinen"/>
               </TextLine>
               <TextLine ID="line_1626858808500_278"
                         BASELINE="2752,3521 3222,3464"
                         HEIGHT="107"
                         WIDTH="476"
                         VPOS="3419"
                         HPOS="2747">
                  <String ID="string_line_1626858808500_278"
                          HEIGHT="107"
                          WIDTH="476"
                          VPOS="3419"
                          HPOS="2747"
                          CONTENT="Theil."/>
               </TextLine>
               <TextLine ID="r1l18"
                         BASELINE="3718,3897 3744,3900 3770,3902 3796,3902 3822,3901 3848,3901 3875,3900 3901,3899 3927,3898 3953,3897 3979,3897 4006,3897"
                         HEIGHT="135"
                         WIDTH="288"
                         VPOS="3810"
                         HPOS="3718">
                  <String ID="string_r1l18"
                          HEIGHT="135"
                          WIDTH="288"
                          VPOS="3810"
                          HPOS="3718"
                          CONTENT="§. 4."/>
               </TextLine>
               <TextLine ID="r1l19"
                         BASELINE="1848,4184 1915,4181 1983,4178 2050,4175 2118,4174 2186,4171 2253,4169 2321,4166 2389,4164 2456,4162 2524,4160 2592,4157 2659,4154 2727,4151 2795,4149 2862,4145 2930,4141 2998,4137 3065,4133 3133,4128 3201,4123"
                         HEIGHT="191"
                         WIDTH="1353"
                         VPOS="4036"
                         HPOS="1848">
                  <String ID="string_r1l19"
                          HEIGHT="191"
                          WIDTH="1353"
                          VPOS="4036"
                          HPOS="1848"
                          CONTENT="Hℓ. Prof. R. v. Mohl"/>
               </TextLine>
               <TextLine ID="r1l20"
                         BASELINE="2671,4403 2785,4400 2899,4398 3013,4394 3127,4391 3242,4387 3356,4382 3470,4377 3584,4372 3698,4367 3813,4361 3927,4355 4041,4349 4155,4342 4269,4335 4384,4327 4498,4319 4612,4312 4726,4304 4840,4296 4955,4288"
                         HEIGHT="245"
                         WIDTH="2284"
                         VPOS="4201"
                         HPOS="2671">
                  <String ID="string_r1l20"
                          HEIGHT="245"
                          WIDTH="2284"
                          VPOS="4201"
                          HPOS="2671"
                          CONTENT="referirt eine Aeußerung der jurid."/>
               </TextLine>
               <TextLine ID="r1l21"
                         BASELINE="2710,4568 2825,4567 2941,4564 3056,4561 3172,4556 3288,4551 3403,4544 3519,4538 3635,4530 3750,4521 3866,4512 3982,4502 4097,4492 4213,4482 4329,4472 4444,4461 4560,4451 4676,4440 4791,4430 4907,4419 5042,4407"
                         HEIGHT="291"
                         WIDTH="2333"
                         VPOS="4320"
                         HPOS="2710">
                  <String ID="string_r1l21"
                          HEIGHT="291"
                          WIDTH="2333"
                          VPOS="4320"
                          HPOS="2710"
                          CONTENT="Facultät über das Geſuch des Prof."/>
               </TextLine>
               <TextLine ID="r1l23"
                         BASELINE="2778,4752 2889,4748 3001,4743 3112,4737 3224,4731 3335,4725 3447,4718 3558,4711 3670,4703 3781,4696 3893,4687 4004,4678 4116,4669 4227,4660 4339,4650 4450,4641 4562,4631 4673,4621 4785,4611 4896,4601 5008,4590"
                         HEIGHT="292"
                         WIDTH="2230"
                         VPOS="4503"
                         HPOS="2778">
                  <String ID="string_r1l23"
                          HEIGHT="292"
                          WIDTH="2230"
                          VPOS="4503"
                          HPOS="2778"
                          CONTENT="D. Köſtlin um Berükſichtigung bei"/>
               </TextLine>
               <TextLine ID="r1l25"
                         BASELINE="2714,4962 2828,4951 2942,4941 3057,4931 3171,4923 3285,4915 3400,4907 3514,4899 3628,4892 3743,4886 3857,4879 3971,4872 4086,4865 4200,4857 4314,4850 4429,4842 4543,4833 4657,4824 4772,4814 4886,4803 5001,4791"
                         HEIGHT="301"
                         WIDTH="2287"
                         VPOS="4704"
                         HPOS="2714">
                  <String ID="string_r1l25"
                          HEIGHT="301"
                          WIDTH="2287"
                          VPOS="4704"
                          HPOS="2714"
                          CONTENT="Beſetzung der erledigten ordentl."/>
               </TextLine>
               <TextLine ID="r1l26"
                         BASELINE="2716,5151 2831,5142 2947,5134 3063,5126 3179,5119 3295,5112 3410,5106 3526,5099 3642,5092 3758,5086 3874,5079 3989,5072 4105,5065 4221,5057 4337,5048 4453,5039 4568,5029 4684,5018 4800,5007 4916,4994 5032,4980"
                         HEIGHT="301"
                         WIDTH="2316"
                         VPOS="4893"
                         HPOS="2716">
                  <String ID="string_r1l26"
                          HEIGHT="301"
                          WIDTH="2316"
                          VPOS="4893"
                          HPOS="2716"
                          CONTENT="Lehrſtelle. Die Facultät iſt hienach"/>
               </TextLine>
               <TextLine ID="r1l27"
                         BASELINE="2658,5338 2774,5335 2890,5330 3006,5326 3122,5321 3238,5316 3354,5311 3470,5305 3586,5299 3702,5293 3819,5286 3935,5278 4051,5270 4167,5263 4283,5254 4399,5244 4515,5235 4631,5225 4747,5214 4863,5203 4980,5190"
                         HEIGHT="278"
                         WIDTH="2322"
                         VPOS="5103"
                         HPOS="2658">
                  <String ID="string_r1l27"
                          HEIGHT="278"
                          WIDTH="2322"
                          VPOS="5103"
                          HPOS="2658"
                          CONTENT="der Anſicht, daß, ſolange über die"/>
               </TextLine>
               <TextLine ID="r1l28"
                         BASELINE="2699,5534 2812,5529 2925,5524 3039,5520 3152,5514 3266,5509 3379,5503 3493,5497 3606,5491 3720,5484 3833,5477 3946,5470 4060,5463 4173,5456 4287,5448 4400,5441 4514,5433 4627,5425 4741,5417 4854,5409 4968,5401"
                         HEIGHT="263"
                         WIDTH="2269"
                         VPOS="5314"
                         HPOS="2699">
                  <String ID="string_r1l28"
                          HEIGHT="263"
                          WIDTH="2269"
                          VPOS="5314"
                          HPOS="2699"
                          CONTENT="Beſetzung der Stelle für das kath."/>
               </TextLine>
               <TextLine ID="r1l29"
                         BASELINE="2654,5732 2769,5727 2884,5720 2999,5715 3114,5709 3229,5703 3344,5697 3459,5691 3574,5685 3689,5679 3804,5672 3919,5666 4034,5658 4149,5651 4264,5644 4379,5636 4494,5628 4609,5619 4724,5610 4839,5602 4954,5592"
                         HEIGHT="270"
                         WIDTH="2300"
                         VPOS="5505"
                         HPOS="2654">
                  <String ID="string_r1l29"
                          HEIGHT="270"
                          WIDTH="2300"
                          VPOS="5505"
                          HPOS="2654"
                          CONTENT="Kirchenrecht nicht entſchieden ſei,"/>
               </TextLine>
               <TextLine ID="r1l30"
                         BASELINE="2730,5918 2842,5912 2954,5907 3066,5902 3178,5896 3290,5891 3402,5885 3514,5880 3626,5874 3738,5868 3851,5862 3963,5855 4075,5849 4187,5842 4299,5835 4411,5827 4523,5820 4635,5811 4747,5802 4859,5793 4972,5784"
                         HEIGHT="264"
                         WIDTH="2242"
                         VPOS="5697"
                         HPOS="2730">
                  <String ID="string_r1l30"
                          HEIGHT="264"
                          WIDTH="2242"
                          VPOS="5697"
                          HPOS="2730"
                          CONTENT="jedes weitere Eingehen in das"/>
               </TextLine>
               <TextLine ID="r1l31"
                         BASELINE="2668,6111 2786,6104 2904,6099 3023,6094 3141,6090 3259,6086 3378,6082 3496,6079 3614,6076 3733,6073 3851,6069 3969,6065 4088,6061 4206,6056 4324,6050 4443,6043 4561,6035 4679,6026 4798,6016 4916,6003 5035,5990"
                         HEIGHT="251"
                         WIDTH="2367"
                         VPOS="5903"
                         HPOS="2668">
                  <String ID="string_r1l31"
                          HEIGHT="251"
                          WIDTH="2367"
                          VPOS="5903"
                          HPOS="2668"
                          CONTENT="Geſuch des D. Köſtlin auſſer Frage ſtehe."/>
               </TextLine>
               <TextLine ID="r1l32"
                         BASELINE="2937,6304 3041,6303 3145,6302 3249,6301 3353,6300 3458,6298 3562,6296 3666,6293 3770,6290 3874,6287 3979,6282 4083,6277 4187,6272 4291,6265 4395,6258 4500,6249 4604,6240 4708,6229 4812,6217 4916,6205 5021,6191"
                         HEIGHT="236"
                         WIDTH="2084"
                         VPOS="6109"
                         HPOS="2937">
                  <String ID="string_r1l32"
                          HEIGHT="236"
                          WIDTH="2084"
                          VPOS="6109"
                          HPOS="2937"
                          CONTENT="Nach dem Antrage des Hℓ. Ref."/>
               </TextLine>
               <TextLine ID="r1l33"
                         BASELINE="2674,6496 2790,6489 2907,6482 3023,6477 3140,6472 3256,6468 3373,6464 3489,6461 3606,6457 3722,6454 3839,6450 3956,6446 4072,6442 4189,6437 4305,6431 4422,6424 4538,6416 4655,6406 4771,6396 4888,6383 5005,6368"
                         HEIGHT="251"
                         WIDTH="2331"
                         VPOS="6286"
                         HPOS="2674">
                  <String ID="string_r1l33"
                          HEIGHT="251"
                          WIDTH="2331"
                          VPOS="6286"
                          HPOS="2674"
                          CONTENT="wird ein Bericht an das K Minist:"/>
               </TextLine>
               <TextLine ID="r1l34"
                         BASELINE="2714,6673 2829,6667 2944,6663 3059,6658 3174,6655 3289,6650 3404,6647 3519,6643 3634,6639 3749,6635 3864,6630 3979,6626 4094,6620 4209,6614 4324,6608 4439,6600 4554,6591 4669,6582 4784,6571 4899,6560 5014,6546"
                         HEIGHT="257"
                         WIDTH="2300"
                         VPOS="6459"
                         HPOS="2714">
                  <String ID="string_r1l34"
                          HEIGHT="257"
                          WIDTH="2300"
                          VPOS="6459"
                          HPOS="2714"
                          CONTENT="beſchloſſen, worin ſich der Senat"/>
               </TextLine>
               <TextLine ID="r1l35"
                         BASELINE="2717,6865 2832,6861 2947,6857 3063,6853 3178,6850 3294,6845 3409,6841 3524,6835 3640,6830 3755,6825 3871,6819 3986,6814 4101,6808 4217,6802 4332,6796 4448,6790 4563,6783 4678,6776 4794,6770 4909,6762 5025,6755"
                         HEIGHT="240"
                         WIDTH="2308"
                         VPOS="6668"
                         HPOS="2717">
                  <String ID="string_r1l35"
                          HEIGHT="240"
                          WIDTH="2308"
                          VPOS="6668"
                          HPOS="2717"
                          CONTENT="dieſer Anſicht der Facultät anſchließt"/>
               </TextLine>
            </TextBlock>
            <TextBlock ID="TextRegion_1567756772592_274"
                       HEIGHT="457"
                       WIDTH="814"
                       VPOS="4335"
                       HPOS="1848"
                       LANG="">
               <Shape>
                  <Polygon POINTS="1848,4338 2658,4335 2662,4792 1848,4780"/>
               </Shape>
               <TextLine ID="r1l22"
                         BASELINE="2121,4577 2147,4575 2173,4572 2199,4569 2225,4565 2251,4562 2277,4561"
                         HEIGHT="104"
                         WIDTH="156"
                         VPOS="4502"
                         HPOS="2121">
                  <String ID="string_r1l22"
                          HEIGHT="104"
                          WIDTH="156"
                          VPOS="4502"
                          HPOS="2121"
                          CONTENT="nr."/>
               </TextLine>
               <TextLine ID="r1l24"
                         BASELINE="2099,4696 2125,4697 2151,4696 2177,4696 2203,4695 2229,4695 2255,4694 2281,4693 2307,4692 2333,4692 2359,4691 2385,4690 2411,4690 2437,4690 2463,4690 2489,4691 2515,4692 2541,4695 2567,4697 2593,4700 2620,4704"
                         HEIGHT="102"
                         WIDTH="521"
                         VPOS="4631"
                         HPOS="2099">
                  <String ID="string_r1l24"
                          HEIGHT="102"
                          WIDTH="521"
                          VPOS="4631"
                          HPOS="2099"
                          CONTENT="331. 345."/>
               </TextLine>
            </TextBlock>
         </PrintSpace>
      </Page>
   </Layout>
</alto>
