5221 7894
3573 682 151 139 §. 1.

1574 716 625 196 Referent:

1727 897 1209 161 Herr Prof. D. v. Mohl.

2590 1057 2327 200 a.) Miniſt: Erlaß vom 7. Januar d. J., betrℓ.

2611 1215 2337 209 die Ausſchmükung des Feſtſaals im neuen

2626 1430 1753 184 UniverſitätsGebäude, und

2618 1575 2242 228 b.) Aeuſſerung des Prof. Dieterich in

2636 1748 2202 253 Stuttgart über dieſen Gegenſtand đđ.

2676 1947 2210 204 27. April d. J. auf eine an ihn erlaſſene

2675 2061 2118 155 Anfrage der Senats=Comiſsion v. 21. Febr. d. J.

2722 2137 2148 239 Referent beantragt einen Bericht

2640 2308 2177 227 an das K. Miniſterium, in welchem

2634 2501 1839 206 darauf angetragen wird, daß

2648 2672 2310 236 1.) die zu malenden 4. Wandbilder fol‗

2666 2836 2276 247 gendermaßen definitiv feſtgeſetzt werden:

2732 3035 2186 230 a.) Uebergabe der Privil. u. Statuten

2752 3193 2114 244 der Univerſität von Graf Eberhard

2759 3431 1399 171 im Bart im Jahr 1477.

2722 3560 2247 241 b.) Beſuch Herzog Chriſtophs im ev. Seminar

2710 3729 2254 228 bei deſſen Erweiterung nach dem Jnterim,

2730 3923 2208 227 c.) Ritterſpiele im Hofe des Collegium

2730 4093 2240 232 illustre in Gegenwart Herzogs Friedrich

2709 4302 1343 169 I. u des Erbprinzen,

2681 4441 2251 217 d.) Feſtzug der Univerſität vor Sr.

2713 4599 2245 245 Majeſtät dem König am 27. Sept. 1842

2742 4788 2214 237 oder, wen̄ ſich eine ſolche noch ereignen

2733 4970 2234 229 ſollte, die Anweſenheit Seiner Majeſtät

2714 5156 2240 224 bei einer Univerſ. Feyerlichkeit in Tübinge

2626 5393 2336 237 2.) daß von Seite des K. FinanzMiniſterium

2636 5559 2264 241 mit Prof. Dieterich ein Vertrag über

2643 5741 2326 259 Verfertigung der vorerwähnten Fresco‗

2653 5992 1780 185 Bilder abgeſchloſſen werde.

2793 6183 2155 176 Nach einer längeren Discuſsion über

2644 6336 2288 215 dieſe Anträge des Hℓ. Refer. und über

2638 6531 2288 196 den GegenAntrag des Prof D. Volz, daß

2672 6720 2264 189 nicht Prof. Dieterich mit Ausführung

2196 1145 114 107 nr.

2118 1274 348 116 5. u. 90.
