5221 7894
2591 518 2247 258 nunmehr ernſtere Schritte zu Realiſirung

2580 690 2358 210 des Eintritts der genan̄ten beiden Profeßoren

2546 848 2259 132 in den Senat unternom̄en werden. Nach

2556 939 2334 186 einigen Erörterungen beruhigt ſich jedoch der

2610 1104 2198 191 Senat vorerſt bei der Erklärung des

2631 1222 2250 201 Herrn Rektors, daß er zunächst eine

2611 1362 2183 196 mündliche Unterredung mit denſelben

2617 1496 2245 200 in der genan̄ten Richtung pflegen wolle.

1994 1892 368 256 no 29.

2781 1718 608 199 Sodan̄ kom̄t

3336 1954 171 167 2.,

2566 2071 2366 264 ein Gegenſtand zur Berathung, der die ganze

2592 2281 2296 159 Dauer der Sitzung in Anſpruch nim̄t. Er

2562 2373 2281 175 betrifft die von dem K. Miniſterium

2591 2498 2292 199 mittelst hohen Erlaßes vom 20ten Feƀr,

2592 2611 2263 235 d. J. in Anregung gebrachte Beförderung

2579 2789 2229 155 des Privatdocenten an der kath. theol.

2613 2900 2121 234 Facultät, Profeßors Schim̄ele, zum

2571 3038 2317 225 wirklichen auſſerordentlichen Profeßor und —

2567 3180 2322 235 in Rükſicht auf die von ihm zu vertretenden

2577 3337 2273 211 Fächer — zum Mitgliede der kath. theol.

2617 3493 2261 225 Facultät, in welcher Beziehung der Senat

2588 3599 2355 242 zur Äußerung aufgefordert iſt. Die Berathung

2580 3763 2174 147 dieſer Angelegenheit begin̄t mit der

2614 3842 2193 233 Aufforderung des Referenten, des Hℓ

2590 3995 2210 242 Profeßors Michaelis, an den Prof.

2634 4149 2139 191 Hefele, das Gutachten der kath.

2601 4271 2246 231 theol. Facultät vom 12ten Maerz d. J.

2597 4407 2319 211 vorzuleſen. Nachdem dieß geſchehen bringt

2660 4547 2116 223 Oberkirchenrath Schott auf ebenfalls

2616 4686 2296 201 auf die Aufforderung des Referenten

2644 4792 2180 205 hin ſeine unterm 26.ten März d. J.

2585 4922 2275 232 geauß dem Rektor Amte übergebene

2713 5032 2203 206 - an den Akad. Senat gerichtete gutächtl

2580 5155 2215 238 Äußerung über die Befähigung des

2613 5302 2314 230 Prof. Schimele zum LehrAmte, in welcher

2583 5421 2306 253 einigen Behauptungen des Facultäts‗

2590 5556 2227 283 Gutachtens entgegengetreten wird, zur

2636 5714 2102 211 Cen̄tniß des h. Collegiums; ſodan̄

2608 5859 2225 227 Prof. Hefele die hierauf abgegebene

2630 5968 2165 227 Replik der Facultät vom 27. März,

2603 6122 2293 259 und endlich ſtellt Referent an den Ober‗

2596 6262 2167 247 kirchenrath Schott das Anſin̄en, ſeine -

2563 6400 2219 228 bis jezt nicht bei den Akten befindliche

2652 6530 2269 215 Duplik vorzutragen. Ueber die Befugniß

2601 6646 2299 286 hiezu entſteht nun ſogleich ein Jncident‗

2614 6782 2251 228 Streit, veranlaßt durch Prof. Hepp,

2606 6934 2315 242 welcher es formell  für ganz unpaſſend

2631 7074 2300 235 und allen Proceßualiſchen Grundſätzen
