5221 7894
4762 344 92 126 2.

2636 629 2365 223 Verf. Urk. auf den vorliegenden

2706 779 2324 243 Fall keine Anwendung finden kön̄e.

2886 957 2041 218 D. v. Mohl iſt aber der Anſicht,

2681 1096 2362 273 daß nach dem Wortlaute des Miniſt.

2727 1326 2225 183 Reſcripts der Conv. Director Schott

2692 1445 2238 268 nicht als ordentl. Mitglied des

2699 1608 2318 292 Senats, ſondern nur als außerord.

2700 1783 2335 309 oder Ehren=Mitglied zu betrachten

2722 1973 2168 298 ſeyn dürfte. Dieſer Anſicht

2680 2171 2326 268 wird von D. Mayer widerſprochen,

2684 2343 2352 253 welcher den Director Schott als ein

2674 2520 2348 256 wirkliches Senats=Mitglied anſieht,

2682 2698 2360 243 das in ſeinem Sitze p vorzurüken habe.

2891 2868 2138 260 Nach längeren Erörterungen

2713 3028 2252 263 hierüber kam zunächſt die Frage

2729 3263 1256 188 zur Abſtim̄ung:

2868 3377 2145 242 ob der Senat aus Anlaß der

2894 3519 2140 257 gedachten Ernen̄ung überhaupt

2862 3696 2168 268 eine Vorſtellung machen ſolle?

2682 3895 2337 290 Dieſe Frage wurde mit 15. gegen

2677 4176 1396 140 13. Stim̄en bejaht.

2842 4259 2138 264 Hierauf ſtellte D. Knaus

2676 4429 2357 270 den Antrag, bei dem K. Miniſt.

2707 4597 2259 274 anzufragen, in welcher Weiſe

2687 4805 2323 231 die Ernen̄ung des Directors Schott

2738 4952 1368 279 anzuſehen ſey?

2914 5184 1958 234 Dieſer Antrag wurde mit

2668 5333 2312 273 gleicher Majorität abgelehnt.

2967 5553 2007 237 Nun kam ein Antrag des Dr.

2671 5720 2339 256 Mayer zur Abſtim̄ung, welcher im

2681 5900 2357 268 Weſentl. dahin geht, dem K. Miniſt.

2718 6090 2292 242 zu erklären, daß der Senat in

2684 6271 2302 254 der Ernen̄ung des Direct. Schott

2694 6474 2184 234 bereits eine Anerken̄ung des

2666 6663 2276 218 Grundſatzes, wonach künftig die
