5221 7894
2604 432 2343 287 erprobt ſei. Prof. Volz ſtim̄t dieſem

2632 659 2318 207 Antrage bei und bemerkt, daß überhaupt

2632 772 2282 233 eine Lehrſtelle nicht vacant ſei. Prof.

2620 886 2165 207 v. Schmid findet aber hierin keinen

2660 1034 2256 225 Grund, der Beförderung p Schim̄ele's zum

2636 1170 2202 218 auſſerordentlichen Profeßor, wodurch noch

2644 1309 2223 222 keine neue Lehrſtelle gegründet werde,

2602 1454 2343 227 entgegen zu treten. — Nach langen Erörterungen

2580 1574 2249 228 bringt Se Magnificenz die Frage

2620 1777 784 185 zur Abſtim̄ung:

2797 1847 2188 220 ſoll überhaupt auf die alsbaldige Beförde‗

2828 1999 2154 223 rung des Priv. Docenten Prof. Schim̄ele

2796 2162 1123 210 angetragen werden?

2620 2321 1209 229 Dieſe Frage wird

3814 2268 192 136 mit

3798 2282 1150 236 allen Stim̄en gegen

2630 2477 2196 173 die des Referenten  verneint.

2623 2624 2119 215 Nun entſtehen aber beinahe ebenſolange

2660 2745 2244 151 Debatten darüber, wie dieſer Beſchluß

2609 2878 2252 205 motivirt werden ſoll. Während einige

2644 3006 2141 208 Mitglieder des h. Collegiums glauben,

2629 3132 2226 198 man ſolle nur einfach anführen, daß die

2622 3297 2347 174 Beförderung p Schim̄eles deßwegen nicht beantragt

2610 3435 2235 180 werden kön̄e, weil ſeine wiſſenſchaftliche

2633 3553 2211 199 Tüchtigkeit vnd ſpeciell nicht bewährt ſei,

2653 3694 2249 199 wollen andere etwas zu Gunſten deſſelben

2626 3835 850 203 angeführt wiſſen

3353 3811 314 110 wiſſen

3447 3823 1384 179 haben. Zugleich entſteht

2610 3955 2267 171 eine Meinungs Verſchiedenheit darüber, was

2595 4092 2327 220 in Beziehung auf die dem gegen p Schim̄ele

2632 4230 2252 232 vorgebrachte Beſchuldigung des Plagiats ge‗

2614 4386 2317 195 ſagt werden ſoll. Die aufgeworfene Frage,

2644 4491 2237 215 ob dieſe Beſchuldigung näher zu unterſuchen ſei,

2632 4648 2131 181 wird mit Stim̄enmehrheit verneint.

2611 4758 2184 213 Endlich wird der Antrag des Prof.

2607 4928 658 160 v. Schmid:

2776 5072 2132 180 dem K. Miniſterium zu berichten daß

2767 5162 2057 200 der Senat für jezt auf die Ernen̄ung

2797 5301 2038 175 des Priv. Doc. Prof. Schim̄ele zum

2763 5430 1988 220 wirklichen auſſerordentlichen Profeßor

2756 5581 2136 241 nicht antragen kön̄e, weil derſelbe noch

2780 5703 2180 239 keine Probe wiſſenſchaftlicher Befähigung

2780 5887 2017 178 geliefert habe; dabei ſei aber in

2761 5991 2023 179 Betreff der widerſprechenden Urtheile

2760 6110 2027 230 über ſeine Lehrtüchtigkeit der Senat

2772 6239 2089 222 der Anſicht, wie ein Beweis dafür

2796 6377 2078 253 nicht vorliege, daß dieſer Man̄ nicht

2806 6503 2131 252 ein tüchtiger akademiſcher Lehrer werden

2747 6677 263 162 ſoll,

2566 6852 2269 201 mit 14. gegen 9. Stim̄en zum Beſchluß

2590 6973 412 189 erhoben.

2708 7087 1658 189 Referent erklärt, er werde

4058 6983 573 166 wünſche, daß

4336 7092 389 123 ſeinen

2646 7190 2276 159 Antrag als Separat Votum zu den Akten legte

2353 7269 688 136 beigelegt werde. —

2621 7273 2241 225 Hiermit ward dieſe Verhandlung zu Ende gebracht.
