5221 7894
4721 319 171 181 19.

2692 668 2306 224 Hℓ. Prof. R v. Mohl bringt hierauf

2694 841 2276 239 die Frage zur Sprache, ob die Er‗

2749 1037 2271 247 höhung des Gehalts für p Leibnitz

2694 1238 2322 242 nicht dadurch bewerkſtelligt wer‗

2696 1405 2326 261 den ſollte, daß der Zeichn. Lehrer

2669 1589 2330 288 Helwig, welcher ſich durch fortge‗

2758 1776 2255 299 ſetztes ungeordnetes Betragen

2694 1979 2278 292 einer weiteren Berükſichtigung

2682 2166 2320 287 unwürdig gemacht habe, ſeiner

2701 2384 1874 261 Stelle entlaſſen werde.

2988 2538 2002 264 Lezteres wurde von mehreren

2735 2703 2229 292 Seiten unterſtützt. Da jedoch

2740 2860 2226 312 zugleich von Mehreren die Anſicht

2731 3049 2298 296 geaeuſſert wurde, daß es ange‗

2702 3245 2338 311 meſſener ſeyn dürfte, wen̄ der An‗

2706 3415 2264 322 trag auf die Gehalts=Erhöhung

2722 3619 2293 297 für p Leibniz unabhängig von der

2692 3791 2321 315 Entlaſſung des p Helwig an das

2686 3981 2303 318 K. Miniſterium gebracht werde,

2717 4164 2250 305 ſo wurde nach einiger Debatte

2695 4364 2202 289 über dieſe Frage abgeſtim̄t u.

2701 4540 2328 302 mit Stim̄en=Mehrheit beſchloßen,

2737 4749 2240 300 die Gehaltszulage für p Leibnitz

2721 4961 2255 268 ſchon jetzt zu beantragen und

2700 5147 2328 280 wegen der Entlaſſung des p Helwig

2734 5322 2311 308 ſich das Weitere vorzubehalten.

2940 5566 2069 254 Prof. D. Walz machte hierauf

2652 5742 2368 275 den Vorſchlag, in dem Bericht an das

2666 5909 2380 290 K. Miniſterium einen Zuſatz in dem

2706 6098 2342 288 Sin̄e zu machen, daß demnächſt ein

2712 6304 2297 263 Heimfall für das Zeichen Jnſtitut

2664 6501 2353 272 eintreten werde. Dieß wurde

2700 6714 2275 252 aber per majora abgelehnt.
