5221 7894
2601 511 2382 197 wirklich eine Lüke ausfülle, hinlänglich

2608 698 822 241 gerechtfertigt.

2684 902 2329 265 Hℓ Prof. Hepp drükt ſeine Jndigna

2632 1117 2376 122 tion über die von p Wunderlich in ſeiner

2628 1210 2319 260 Eingabe ausgeſprochenen Drohungen aus

2657 1355 2228 208 und erklärt, daß ſolche ihn durchaus

2659 1482 2270 290 nicht beſtim̄en, die Beförderungen des

2664 1688 1920 191 Prof. Wunderlich zu beantragen.

2695 1843 2178 255 Hℓ Prof. Reyſcher führt aus: die

2677 2030 2342 218 mediciniſche Clinik müſſe aus ihrem biſerig

2683 2181 2328 206 ungewiſſen unſichern Zuſtande heraus ge‗

2689 2336 2240 145 riſſen werden. Es laſſe ſich gewiß in

2652 2454 2317 218 Deutſchland ein geeigneterer Man̄ für

2639 2580 2319 193 die Vorſtandsſtelle an der mediciniſchen

2617 2675 2389 209 Clinik finden, und hiemit ſollte die Facu

2655 2851 2276 220 ſogleich beauftragt werden. Auf der

2649 2976 2353 188 andern Seite aber ſey man dem Prof.

2599 3108 2343 213 Wunderlich eine Anerken̄ung ſchuldig.

2687 3241 2272 268 Seine theoretiſchen Leiſtungen ſeien von

2666 3423 2279 189 der Art, daß der Abgang Wunderlichs

2684 3520 2323 212 von der hieſigen Univerſität ein Ver

2645 3657 2273 210 lurſt für dieſelbe wäre. Er möchte

2647 3779 2269 267 deßhalb beantragen, daß dem Prof.

2649 3979 2376 211 Wunderlich der Titel und Rang eines

2736 4126 1698 225 ordinarius ertheilt werde.

2726 4310 2192 244 Nach einigen Erörterungen über die

2636 4495 2307 173 dem Prof. Wunderlich während ſeiner

2617 4634 2217 156 bisherigen Thätigkeit am Clinikum

2611 4735 2383 249 zur Laſt gelegten Verfehlungen, wird

2619 4890 2297 208 zur Abſtim̄ung geſchritten, und ſofort

2665 5016 2292 257 der Antrag des Hℓ Referenten

3031 5218 1694 277 mit 14. gegen 12. Stim̄en

2647 5401 2271 281 angenom̄en, jedoch mit der Beſtim̄ung

2648 5563 2218 283 daß Hℓ Referent die ſich auf die

2634 5688 2328 277 literariſche Thätigkeit p Wunderlichs be‗

2660 5860 2314 251 ziehenden Stellen in ſeinem Berichts=

2648 6007 2337 252 Entwurfe im Sin̄e des hohen Colle‗

2632 6164 1908 228 giums angemeſſen abändern.

2699 6310 2281 231 Sodan̄ wird über den Antrag des

2656 6445 1471 288 Hℓ Prof. Reyſcher:

2973 6654 2035 186 dem auſſerordentl. Prof. Wunderlich

2955 6798 1831 205 den Titel und Rang eines

2972 6959 1560 206 ordinarius zu verleihen

2651 7127 2154 252 abgeſtim̄t und derſelbe mit
