4260 5213
391 216 202 138 14

368 391 3464 336 Besiedelung freilich nicht so stark, wie ich erwartet hatte. Ver„

412 590 3388 294 pflegung machte Schwierigkeiten, außer anfangs, wo die Leutchen

397 775 3416 206 meine Aufforderung zur Marktversorgung als strengen, Befehl

386 913 3505 172 aufgefaßt hatten u. jeder ein Scherflein brachte - als Tribut.

347 1075 3672 240 Als ich sie darüber aufklärte, ich sei kein Räuber, wurden sie merk„

349 1172 3680 286 lich kühler, ich hörte auch Unterhaltung darüber, daß „sogar“ der

360 1343 3640 264 Bezirksamtmann bezahlt habe. Wir haben noch viel Mission

374 1524 3565 275 zu treiben, freilich wohl zuerst unter uns, da solche Zustände

348 1752 3026 223 sicherlich ausgenutzt werden. Akidah nicht zu Haus.

687 1957 3309 183 18. Aug. Früh auf Barrabarra weiter 1½ Std. bis Jumbe Hamide

467 2023 3458 274 am Unterende des Maliwe-Sees. Jagdstreife um den ganzen

393 2192 3601 215 See, zunächst durch schöne freie Steppe mit viel Kiboko-Wegen

406 2368 1511 246 in nur kniehohem Gras

1857 2335 526 158 auf W.-Seite

1869 2347 2007 227 , aber kein Wild. Schönes Landschaftsbild

396 2557 3444 219 am ruhigen See. Zwischen Schilf sumpfiger Rand mit Wasser„

374 2647 3466 262 lachen u. schwarzen Störchen, im offnen Wasser, freilich ziemlich

367 2795 3481 218 entfernt überall die schwarzen Streifen der Kiboko-Köpfe,

372 2955 3635 239 Palme auf vorspringender Landecke, drüben waldiges Ufer. Leider viel

351 3088 3542 214 Wolken. Am oberen Ende über den trockenen Likandanguare auf

345 3248 3620 294 höheres Ostufer des Sees, hier lichter Wald. Dann ein alter Talboden

347 3419 3753 259 von Osten her, seltsam unterbrochen von 2 steilen Bergen (Nakahamba)

320 3559 3727 308 aus nur neuem Gestein. Schoß ein Schwein, Wasserbock nach langem

341 3761 3596 285 geduldigen Beschleichen u. Beobachten ohne Erfolg auf sehr große Entfer„

349 3993 3610 200 nung beschossen. Es war 11 geworden u. noch weit. Etwas Busch

393 4077 3680 272 zwang zu Umwegen. Dann am Ufer über hohem Schilf Silhouetten

377 4250 3675 220 von Elephanten. Da der Wind grade auf sie zuging, war mir

367 4381 3638 232 nicht ganz heimlich zu mute, aber man überschätzt immer
