4260 5213
376 199 182 244 46

340 576 3511 201 meiner Aufmerksamkeit rauben durfte kann ich mir jetzt

333 723 3665 163 nicht verübeln. Ich muß nachholen! Die Straßenbilder erstaunten

352 853 3424 178 mich durch ihre unbekümmerte Altertümlichkeit, denen

386 1007 3321 188 Baedecker und Cook noch nichts genommen haben.

446 1115 3139 260 Mittags bei Tisch im Speisesaal noch sehr heiß.

628 1299 3243 224 25. Oct. Weiterfahrt nach Mailand. Unerwartet schöne Blicke

458 1422 3470 198 beim Übergang über den Apennin. Es reizt wieder zum Wan„

452 1595 3429 180 dern. Aber es zieht auch nordwärts, wo eine Mutter wartet.

414 1683 3585 223 Ankunft nachmittags bei strömendem Regen. Ging in das „deutsche“

418 1878 3528 186 Hotel (deutsch. Haus?), dessen Wirtin kein Wort deutsch und wenig französisch

420 1993 3298 175 versteht. Eine zugestutzte Villa, der Speisesaal ist Wohnraum der

464 2110 3466 189 Besitzerin. Nun das stört mich nicht. Es war schon früh dunkel,

429 2230 2593 239 ich sah noch einige Straßen die wenig bieten.

596 2307 3326 278 26. Oct. Durch die Stadt zum Dom, dessen Spitzen u. Türmchen

472 2465 3470 204 im Nebel kaum noch sichtbar waren. Alles grau u. feucht,

485 2627 3497 197 Im Innern fast ganz dunkel. Dennoch bot mir dies Innere

505 2803 3456 146 auf das ich in keiner Weise vorbereitet war, einen weit

484 2913 3452 246 stimmungsvolleren, tiefdringenden Eindruck, als der Peters-

503 3087 3383 177 Dom, nur das Straßburger Münster könnte ich diesem etwa

521 3186 2765 234 gleichstellen. Von Einzelheiten kaum etwas zu sehen.

708 3238 3235 243 Durch Straßen u. Plätze, die mir aber nichts boten. Fuhr in's Natur„

525 3408 3429 171 kundemuseum u. besah die geol.-paläontol. Abteilung, fand aber nichts

473 3553 766 163 Wesentliches.

727 3571 3251 231 Nachm. klarte es etwas auf, abermals in den Dom. Ein Herr sprach mich

489 3726 3349 185 französisch an, nach einer Weile merkten wir, daß wir Landsleute seien.

501 3854 3547 172 Ich merkte sogar, daß es einer jener gesellschaftsbedürftigen sei, die man

532 3948 3510 135 ohne Unhöflichkeit schwer los wird Und nun begann ein trauriges Kapi„

573 4061 3419 142 tel, daß mir nicht durch seinen Inhalt, sondern als Symptom für meinen

554 4165 3383 173 Charakter einen höchst unerfreulichen Abschluß meiner Italien„

578 4244 3343 171 reise brachte. Zunächst verstand ich nicht einen mir unbequemen

578 4400 3392 209 Gesellschafter loszuwerden, alle Ausflüchte retteten mich nicht: tant
