4260 5213
3657 184 225 231 25

347 446 3369 211 die Spuren u. strengte mich unnötig an. Verfolgte Perlhühner

347 648 3322 187 schweißtriefend u. sah sie ständig dicht vor mir, ohne in d.

353 729 1958 285 dichten Busch schießen zu können.

593 902 3427 283 Nahe Muazi fand ich in d. hellen gelbweißlichen mergligen

402 1110 479 203 Sanden

690 1088 782 124 üb. d. Saurierschicht

834 1066 3196 274 an einer Stelle den bunten mürben Sandstein, der mir

383 1237 3639 303 in etwas stärker Entwicklung am Maliwe-See auffiel u. den

372 1399 1242 264 ich für Jura hielt.

580 1507 3301 292 12. Sept. Um ca 4½h aufgestanden, noch bei Mondschein fort, in das

389 1717 3467 244 Gebiet von Naiwanga, wo Feuer weit hineingedrungen. Das frühe

378 1883 3494 236 Aufstehen machte aber auch keinen Unterschied, ich streifte lange in

362 2045 3621 229 den schönsten Grasplätzen für Wild herum, ohne etwas zu sehen. End„

402 2180 3597 185 lich an sehr freier Stelle weit unter uns ein Hartebeest, es hatte auch

374 2312 3507 243 schon etwas gehört u. äugte scharf, da Deckung nicht vorhanden, schoß ich,

389 2484 3657 136 es sprang etwas beiseite, stieß fortwährend den meckernden Warnruf aus

370 2571 3609 254 u. stellte sich nun ganz mit dem Kopf zu mir hin, die schmale Brust

390 2680 3566 230 u. d. Kopf, den ich ohnehin nicht zerschießen wollte, bot fast k gar„

398 2865 3405 244 kein Schußfeld, zudem mußte ich das 200 m.-Visier einstellen. Noch

379 3056 3634 209 wenige Schritte schlich ich näher, es mußte jeden Augenblick abgehen,

396 3259 3485 153 also ohne viel Hoffnung paff: es klappte um u. war tot zu

401 3346 3535 189 meinem größten Erstaunen. Es war eine tüchtige Strecke, bis wir

409 3467 3530 213 heranwaren. Der Schuß saß tadellos mitten in d. Brust etwas hoch

445 3667 3557 188 schon im Halse. Das war aber auch die einzige Freude dabei, denn

418 3776 3462 254 wenn's auch genug giebt, das Hartebeest-Schießen hab ich schon

407 3926 3449 250 satt u. den ganzen Vormittag sah ich kein Schwänzlein mehr,

445 4067 3588 192 obwohl wir weit in unberührtes günstiges Gebiet bis zur Wasser„

417 4252 3467 215 stelle Naiwanga u. darüber hinaus gingen u. auch einige frische

411 4384 3607 188 Spuren fanden. Die Leute, die die Beute holten, fanden dort natür„

387 4553 3580 213 lich 3 weitere Hartebeester. Nördl. an d. Barrabarra bei Naiwanga
