4260 5213
3806 179 131 190 5

297 564 3556 239 Allerlei Spalten, sicherlich auch Höhlen darin. Klippschliefer-Spuren. Die Bank

298 756 3482 167 mußte stark einfallen, denn sie verschwand, obwohl der Weg leicht

285 853 3687 163 abwärts führte, alsbald wieder unter weißen Sanden u. kam nach kurzer

287 1005 3654 200 Strecke seitlich im Grunde eines Tales wieder zum Ausstreichen. Die vor

296 1145 3775 187 uns marschierenden Träger haben natürlich ein Kudu gesehen. Wir mußten

287 1299 3632 176 durch ein uns entgegenkommendes Feuer, wobei ich einen Habicht in

317 1449 3509 205 dem Augenblick schoß, als er auf ein ihm soeben gega entgangenes

265 1660 3467 131 Vögelchen zum 2ten Male niederstoßen wollte. In Nindi unter

312 1717 3672 280 schattigen Mango's Lager bezogen. Auch hier ein angeblich völlig unbesiedelter

327 1877 3637 234 u. z. Z. noch ganz unwegsamer Streifen längs des Ostrandes das scharf

328 2046 3669 221 abgeschnittenen Plateaus, an dessen Fuße ich gern marschiert wäre.

437 2224 3243 198 hier wohnt der für Makangaga zuständige Jumbe, der mich noch nicht

340 2379 3389 194 besucht hat, aber ich glaube, man darf die vorzügliche Erziehung im

335 2503 2583 226 Lindi-Bez. hierher nicht ohne weiteres übertragen.

463 2598 3557 218 Nachm. nach O. auf die „barrabarra“ von Kilwa zum Akiden von Mavudyi,

350 2748 3561 207 wieder ein ganz gemeiner Schenzi-Pfad. Meinte, hier müßte ich in d.

369 2906 3584 212 Tertiärzone geraten, aber keine Spur davon. Riesige Flußmäander in ver„

375 3055 3539 254 hältnismäßig recht engem Tal u. bei kurzem Lauf, Terrassenbildungen,

373 3213 3379 239 im W. deutlich die 70 m-Kante der Peneplain als höchste. Schoß ein

348 3347 3660 251 Schwein schwer an, aber nach kurzer starker Blutung schloß sich die Wunde

332 3553 3486 169 u. ich verlor die Beute in wildestem, wenngleich gebranntem Grase.

349 3695 3570 195 Die „barrabarra“ tritt durch verhältnismäßig enge Mündung des Aus„

340 3799 1684 237 räumungskessels zur Küste hinaus.

481 3811 3450 349 2. Aug. Zum Akiden am Austritt des Mavudyi aus dem Plateau. Schickte zur

345 4076 3534 219 Sicherheit 2 Mann des Tertiärs wegen über die „Barrabarra‟. Wollte morgens

354 4247 3477 244 etwas jagen, um den Akiden zu ködern, aber alles unter Gras. Anfangs

351 4405 3528 207 durch Kautschuk-Pflanzung eines Europäers, der aber nicht hier wohnt.

3769 659 301 284 Flexur!
