4260 5213
218 207 215 192 20

617 323 3128 210 In der Natur dagegen ist die Form eine Funktion der mit ihr

470 477 3413 261 gleichzeitigen und in Wechselwirkung vor sich gehenden Vervollkomm„

474 584 3325 254 nung, entsprechend etwa einer körperlichen Vervollkommnung

452 799 3411 160 beispielsweise beim Hanteln: nicht das Heben, u. Verlagern, Halten

466 918 3319 181 des Gewichts ist ja hier der Zweck, sondern die Kräftigung des

478 1037 3417 196 Armes, mit der die allmähliche Erreichung jenes Zwischen-Endzieles

440 1207 2602 195 (Zweck 2ter Ordnung) Hand in Hand fortschreitet.

627 1339 3179 183 Man könnte also den Unterschied schroff so formulieren; daß in

467 1462 2477 178 der Kultur die Wirkung (das Er- oder Gewirkte)

2938 1436 192 110 nur

2901 1449 955 180 Mittel zum Zweck,

385 1598 3630 212 in der Natur der Zweck (das Erstrebte) nur die Wirkung der Ursache der Wirkung

390 1707 3481 254 (des Produkts) wäre. Im ersteren Falle ist Hauptobjekt der Betrachtung,

445 1851 3443 204 Aufmerksamkeit, Ausgangspunkt der Au Betrachtung der Endzweck, die

449 1991 3540 229 „Wirkung“ Neben nebensächlicher Natur, im letzteren Falle sind die Rollen

434 2148 506 241 vertauscht.

562 2264 3324 203 Der Mensch hat den Drang, des Bedürfnis, fliegen zu können (dem

452 2417 3484 247 beengten Verkehr die dritte Dimension also das Vielfache Raum des

420 2562 3338 216 bisherigen Raums zu erobern). Er versucht es auf mancherlei

395 2686 3383 261 Weise, trotz anfänglicher Fehl-Experimente gelingt es zuletzt

425 2826 3034 198 auf mancherlei Art, das Ziel verändert u. verrückt sich nicht.

553 2980 3448 217 In der Natur ist (wie bei d. absterbenden Bäumen) ein Mißglücken

462 3162 3378 160 endgiltig, um ein Fehlversuch unersetzbar. Denn wenn einigen

455 3235 3425 219 Formen das Fliegen gelingt, andre etwa an der Unmöglichkeit es

437 3402 968 211 fertig zu bringen.

1165 3377 851 117 (ebenso wie viele Menschen)

1360 3401 2301 208 untergegangen sind, so darf man nicht

470 3494 3337 207 Natur = Mensch, Art = Flugapparat setzen, sondern stets nur

466 3682 3508 173 Art = Mensch, ihre Form = Flugapparat. Bewährt sich die Form nicht,

449 3797 3516 220 ist es mit der Art aus, bewährt sich ein Flugapparat nicht, so geht

456 3942 592 234 der Mensch

1018 3936 883 97 (als Art, nicht als Individuum)

999 3945 2867 216 daran nicht unter. Die erstere als falsch bezeichnete

455 4108 3584 228 Parallele versteckt unter dem Wort Natur eine höhere Intelligenz,

475 4241 3458 259 Gott, also etwas nicht natürliches, sondern Übernatürliches. Sie ver„

487 4379 3421 238 stößt also gegen Kant's berechtigte Forderung die Naturwissen„

483 4617 3471 208 Kunstprodukt u. Naturprodukt unterscheiden sich dadurch, daß ersteres außerhalb als Indi-

432 4750 2909 175 viduum für sich (gleichsam ein Sklave) besteht, letzteres untrennbar

3106 4848 893 175 (grade dadurch verderblich)

3292 4712 751 185 ist. Der gekräftigte

458 4858 2580 180 Armmuskel ist trotz der bewußten Absicht ein Naturprodukt.
