4260 5213
362 188 165 230 40

238 525 3718 248 ruhig, daß man beim Sitzen glaubt, im Hafen zu liegen. Grade

259 727 3517 204 deshalb nimmt sie aber vorn viel Wasser über. Einige

238 866 3525 189 kräftige Spritzer durchnäßten uns oben auf d. Verdeck der

261 1011 2467 228 ersten Klasse gründlich. Mittags nachlassend.

461 1197 3443 152 Nichts von Kriegsschiffen zu sehen, wenn zweifelhaft doch immer

302 1362 3484 189 noch die Frage, ob türkische oder italienische. Bei Kreta nachts.

279 1497 3622 174 Alles kehrt zu Europäerkleidung zurück, doch mittags noch recht

288 1673 475 141 warm.

436 1724 3567 258 17. Oct. Vorm. Kalabrien in Sicht, verschiedene Dampfer dicht unter

287 1896 3480 159 Land. Viel große steile Trockentäler, zahlreiche Ortschaften. Trotz der

276 2040 3553 198 Weinberge ist mir der Anblick so vieler Europäer-Steinhäuser

276 2139 3043 181 erstaunlich: was mag jeder Einzelne da treiben?

476 2238 3306 214 Mittags Straße von Messina. Ausreisenden D. O. A. G. Dampfer

362 2430 3590 211 begrüßt. In Reggio u. Messina noch immer Stätten der Verwüstung

343 2536 3485 178 und in langen gleichmäßigen Reihen die häßlichen Baracken

327 2692 3641 178 Und San Franzisco war in einem Jahre schöner wieder aufgebaut!

428 2870 3323 151 Hoch interessant die Meeresstrudel an der nördl. Einfahrt der

417 2949 3429 157 Straße; allenthalben ruhiges Wasser, aber hier auf große Flächen

419 3070 3453 222 hin mit deutlich merkbarer Grenze eine seltsame Unruhe auf

373 3208 3479 164 der Oberfläche wie wenn Wasser soeben beginnt zu kochen.

408 3324 3567 189 Aetna in Wolken, in letzter Zelt soll er heftige Ausbrüche gehabt haben,

377 3415 3531 211 daher doppelt schade. Stromboli fast ganz ruhig. Einige Wolken bil„

458 3539 3449 211 deten sich von Zeit zu Zeit am Gipfel, aber ohne Kenntnis der

442 3668 3386 299 vulkanischen Natur, wäre man kaum auf den Gedanken ge„

463 3853 3407 189 kommen. Die letzte Nacht an Bord! Captain's

443 3998 3411 231 Dinner im geschmackvoll dekorierten Speisesaal. An Deck

439 4144 724 181 etwas Tanz.

653 4262 3128 196 18 Oct. Sah noch im Dunkeln hinaus und erblickte eine

450 4416 3412 213 lange Reihe von Lichtern: Neapel schon längsseits. Schnell
