<?xml version="1.0" encoding="UTF-8"?>
<alto xmlns:xsi="http://www.w3.org/2001/XMLSchema-instance"
      xmlns="http://www.loc.gov/standards/alto/ns-v2#"
      xmlns:page="http://schema.primaresearch.org/PAGE/gts/pagecontent/2013-07-15"
      xsi:schemaLocation="http://www.loc.gov/standards/alto/ns-v2# http://www.loc.gov/standards/alto/alto.xsd">
   <Description>
      <MeasurementUnit>pixel</MeasurementUnit>
      <OCRProcessing ID="IdOcr">
         <ocrProcessingStep>
            <processingDateTime>2021-02-02T09:49:01.397+01:00</processingDateTime>
            <processingSoftware>
               <softwareCreator>READ COOP</softwareCreator>
               <softwareName>Transkribus</softwareName>
            </processingSoftware>
         </ocrProcessingStep>
      </OCRProcessing>
   </Description>
   <Layout>
      <Page ID="Page1" PHYSICAL_IMG_NR="1" HEIGHT="5213" WIDTH="4260">
         <TopMargin HEIGHT="0" WIDTH="4260" VPOS="0" HPOS="0"/>
         <LeftMargin HEIGHT="5213" WIDTH="0" VPOS="0" HPOS="0"/>
         <RightMargin HEIGHT="5213" WIDTH="0" VPOS="0" HPOS="4260"/>
         <BottomMargin HEIGHT="0" WIDTH="4260" VPOS="5213" HPOS="0"/>
         <PrintSpace HEIGHT="5213" WIDTH="4260" VPOS="0" HPOS="0">
            <TextBlock ID="r1" HEIGHT="4833" WIDTH="3703" VPOS="178" HPOS="343">
               <Shape>
                  <Polygon POINTS="343,178 347,5011 4046,5011 4042,178"/>
               </Shape>
               <TextLine ID="line_1571218214253_355"
                         BASELINE="247"
                         HEIGHT="76"
                         WIDTH="129"
                         VPOS="171"
                         HPOS="3864">
                  <String ID="string_line_1571218214253_355"
                          HEIGHT="76"
                          WIDTH="129"
                          VPOS="171"
                          HPOS="3864"
                          CONTENT="3"/>
               </TextLine>
               <TextLine ID="line_1571231617781_120"
                         BASELINE="644"
                         HEIGHT="198"
                         WIDTH="2148"
                         VPOS="446"
                         HPOS="324">
                  <String ID="string_line_1571231617781_120"
                          HEIGHT="198"
                          WIDTH="2148"
                          VPOS="446"
                          HPOS="324"
                          CONTENT="27. Juli. Weg nach Muazi zu den Gräben."/>
               </TextLine>
               <TextLine ID="r1l3"
                         BASELINE="501"
                         HEIGHT="271"
                         WIDTH="2492"
                         VPOS="230"
                         HPOS="1295">
                  <String ID="string_r1l3"
                          HEIGHT="271"
                          WIDTH="2492"
                          VPOS="230"
                          HPOS="1295"
                          CONTENT="Naiwanga, über Barrabarra nach Muazi, durch Pori zurück nach Kiwala."/>
               </TextLine>
               <TextLine ID="r1l1"
                         BASELINE="336"
                         HEIGHT="159"
                         WIDTH="1350"
                         VPOS="177"
                         HPOS="2649">
                  <String ID="string_r1l1"
                          HEIGHT="159"
                          WIDTH="1350"
                          VPOS="177"
                          HPOS="2649"
                          CONTENT="Alle Wege recht erfolglos, da nichts zu"/>
               </TextLine>
               <TextLine ID="r1l2"
                         BASELINE="466"
                         HEIGHT="177"
                         WIDTH="213"
                         VPOS="289"
                         HPOS="3804">
                  <String ID="string_r1l2"
                          HEIGHT="177"
                          WIDTH="213"
                          VPOS="289"
                          HPOS="3804"
                          CONTENT="sehen."/>
               </TextLine>
               <TextLine ID="line_1571231617781_119"
                         BASELINE="654"
                         HEIGHT="197"
                         WIDTH="1355"
                         VPOS="457"
                         HPOS="2472">
                  <String ID="string_line_1571231617781_119"
                          HEIGHT="197"
                          WIDTH="1355"
                          VPOS="457"
                          HPOS="2472"
                          CONTENT="Eine andre ebenso schlechte"/>
               </TextLine>
               <TextLine ID="r1l5"
                         BASELINE="762"
                         HEIGHT="173"
                         WIDTH="3364"
                         VPOS="589"
                         HPOS="433">
                  <String ID="string_r1l5"
                          HEIGHT="173"
                          WIDTH="3364"
                          VPOS="589"
                          HPOS="433"
                          CONTENT="Stelle näher am Lager vor Kiwale liefert nur etwas Kieselholz,"/>
               </TextLine>
               <TextLine ID="r1l6"
                         BASELINE="914"
                         HEIGHT="207"
                         WIDTH="2327"
                         VPOS="707"
                         HPOS="416">
                  <String ID="string_r1l6"
                          HEIGHT="207"
                          WIDTH="2327"
                          VPOS="707"
                          HPOS="416"
                          CONTENT="dafür dicht dabei einige Ammonitenfunde."/>
               </TextLine>
               <TextLine ID="r1l7"
                         BASELINE="995"
                         HEIGHT="170"
                         WIDTH="3365"
                         VPOS="825"
                         HPOS="566">
                  <String ID="string_r1l7"
                          HEIGHT="170"
                          WIDTH="3365"
                          VPOS="825"
                          HPOS="566"
                          CONTENT="Klar, heiß, mittags windig; an einigen Stellen konnte gebrannt"/>
               </TextLine>
               <TextLine ID="r1l9"
                         BASELINE="1150"
                         HEIGHT="210"
                         WIDTH="503"
                         VPOS="940"
                         HPOS="418">
                  <String ID="string_r1l9"
                          HEIGHT="210"
                          WIDTH="503"
                          VPOS="940"
                          HPOS="418"
                          CONTENT="werden."/>
               </TextLine>
               <TextLine ID="r1l8"
                         BASELINE="1152"
                         HEIGHT="208"
                         WIDTH="3045"
                         VPOS="944"
                         HPOS="880">
                  <String ID="string_r1l8"
                          HEIGHT="208"
                          WIDTH="3045"
                          VPOS="944"
                          HPOS="880"
                          CONTENT="28. VII Abend  8 Uhr bringt Ali d. Post direkt v. Kilwa. Regen. Nachm. Schönes Barappi dicht am"/>
               </TextLine>
               <TextLine ID="r1l11"
                         BASELINE="1173"
                         HEIGHT="171"
                         WIDTH="1148"
                         VPOS="1002"
                         HPOS="2696">
                  <String ID="string_r1l11"
                          HEIGHT="171"
                          WIDTH="1148"
                          VPOS="1002"
                          HPOS="2696"
                          CONTENT="Lager in wüstem Gras erlegt."/>
               </TextLine>
               <TextLine ID="r1l12"
                         BASELINE="1323"
                         HEIGHT="210"
                         WIDTH="3608"
                         VPOS="1113"
                         HPOS="332">
                  <String ID="string_r1l12"
                          HEIGHT="210"
                          WIDTH="3608"
                          VPOS="1113"
                          HPOS="332"
                          CONTENT="29. Juli: Weg nach O. anfangs durch wahnsinniges Gras, dann über eine"/>
               </TextLine>
               <TextLine ID="r1l13"
                         BASELINE="1482"
                         HEIGHT="230"
                         WIDTH="3638"
                         VPOS="1252"
                         HPOS="363">
                  <String ID="string_r1l13"
                          HEIGHT="230"
                          WIDTH="3638"
                          VPOS="1252"
                          HPOS="363"
                          CONTENT="gut abgebrannte Niederung. Fand einen Blödsinnigen, der nicht laufen"/>
               </TextLine>
               <TextLine ID="r1l14"
                         BASELINE="1631"
                         HEIGHT="254"
                         WIDTH="3621"
                         VPOS="1377"
                         HPOS="363">
                  <String ID="string_r1l14"
                          HEIGHT="254"
                          WIDTH="3621"
                          VPOS="1377"
                          HPOS="363"
                          CONTENT="kann, aber auch aus verschlossenem Hause u. nachts durch Kriechen in"/>
               </TextLine>
               <TextLine ID="r1l15"
                         BASELINE="1757"
                         HEIGHT="173"
                         WIDTH="3703"
                         VPOS="1584"
                         HPOS="354">
                  <String ID="string_r1l15"
                          HEIGHT="173"
                          WIDTH="3703"
                          VPOS="1584"
                          HPOS="354"
                          CONTENT="d. Busch entflieht. Der Bedauernswerte soll es erst etwa seit Ankunft"/>
               </TextLine>
               <TextLine ID="r1l16"
                         BASELINE="1905"
                         HEIGHT="181"
                         WIDTH="3571"
                         VPOS="1724"
                         HPOS="355">
                  <String ID="string_r1l16"
                          HEIGHT="181"
                          WIDTH="3571"
                          VPOS="1724"
                          HPOS="355"
                          CONTENT="meiner Wangoni, 2 Tage vor mir, haben. O weh, wenn das nur"/>
               </TextLine>
               <TextLine ID="r1l17"
                         BASELINE="2086"
                         HEIGHT="211"
                         WIDTH="3429"
                         VPOS="1875"
                         HPOS="371">
                  <String ID="string_r1l17"
                          HEIGHT="211"
                          WIDTH="3429"
                          VPOS="1875"
                          HPOS="371"
                          CONTENT="nicht auf mich fällt, die Leute sind ohnehin hier bockbeinig"/>
               </TextLine>
               <TextLine ID="r1l18"
                         BASELINE="2286"
                         HEIGHT="271"
                         WIDTH="3489"
                         VPOS="2015"
                         HPOS="387">
                  <String ID="string_r1l18"
                          HEIGHT="271"
                          WIDTH="3489"
                          VPOS="2015"
                          HPOS="387"
                          CONTENT="genug. Unsere Leute sind ausgescholten worden, weil sie mir"/>
               </TextLine>
               <TextLine ID="r1l19"
                         BASELINE="2368"
                         HEIGHT="201"
                         WIDTH="3530"
                         VPOS="2167"
                         HPOS="361">
                  <String ID="string_r1l19"
                          HEIGHT="201"
                          WIDTH="3530"
                          VPOS="2167"
                          HPOS="361"
                          CONTENT="Knochen zeigen u. dadurch mein Bleiben veranlassen: Euro„"/>
               </TextLine>
               <TextLine ID="r1l20"
                         BASELINE="2571"
                         HEIGHT="225"
                         WIDTH="3531"
                         VPOS="2346"
                         HPOS="380">
                  <String ID="string_r1l20"
                          HEIGHT="225"
                          WIDTH="3531"
                          VPOS="2346"
                          HPOS="380"
                          CONTENT="päer von Lindi hätten hier schon garnichts zu suchen. Das ist"/>
               </TextLine>
               <TextLine ID="r1l21"
                         BASELINE="2678"
                         HEIGHT="179"
                         WIDTH="3511"
                         VPOS="2499"
                         HPOS="386">
                  <String ID="string_r1l21"
                          HEIGHT="179"
                          WIDTH="3511"
                          VPOS="2499"
                          HPOS="386"
                          CONTENT="eigentlich etwas stark, aber ich verfüge über kein Kiboko u."/>
               </TextLine>
               <TextLine ID="r1l22"
                         BASELINE="2838"
                         HEIGHT="172"
                         WIDTH="3374"
                         VPOS="2666"
                         HPOS="398">
                  <String ID="string_r1l22"
                          HEIGHT="172"
                          WIDTH="3374"
                          VPOS="2666"
                          HPOS="398"
                          CONTENT="möchte nicht sofort d. Bezirksamt anrufen. Aber d. Zustände im"/>
               </TextLine>
               <TextLine ID="r1l23"
                         BASELINE="2926"
                         HEIGHT="174"
                         WIDTH="3508"
                         VPOS="2752"
                         HPOS="386">
                  <String ID="string_r1l23"
                          HEIGHT="174"
                          WIDTH="3508"
                          VPOS="2752"
                          HPOS="386"
                          CONTENT="Kilwa-Bez. sind wirklich etwas arg. Allein, daß man unmittel„"/>
               </TextLine>
               <TextLine ID="r1l24"
                         BASELINE="3116"
                         HEIGHT="184"
                         WIDTH="3593"
                         VPOS="2932"
                         HPOS="370">
                  <String ID="string_r1l24"
                          HEIGHT="184"
                          WIDTH="3593"
                          VPOS="2932"
                          HPOS="370"
                          CONTENT="bar hinter Kilwa eine solche Urwüste entstehen läßt, sagt genug."/>
               </TextLine>
               <TextLine ID="r1l25"
                         BASELINE="3226"
                         HEIGHT="180"
                         WIDTH="3307"
                         VPOS="3046"
                         HPOS="469">
                  <String ID="string_r1l25"
                          HEIGHT="180"
                          WIDTH="3307"
                          VPOS="3046"
                          HPOS="469"
                          CONTENT="Von Naluë waren mir einige große Schnecken gebracht worden. Ich"/>
               </TextLine>
               <TextLine ID="r1l26"
                         BASELINE="3367"
                         HEIGHT="185"
                         WIDTH="3411"
                         VPOS="3182"
                         HPOS="396">
                  <String ID="string_r1l26"
                          HEIGHT="185"
                          WIDTH="3411"
                          VPOS="3182"
                          HPOS="396"
                          CONTENT="finde dort wieder den Korallenkalk, der die alte Peneplain"/>
               </TextLine>
               <TextLine ID="r1l27"
                         BASELINE="3544"
                         HEIGHT="200"
                         WIDTH="3543"
                         VPOS="3344"
                         HPOS="397">
                  <String ID="string_r1l27"
                          HEIGHT="200"
                          WIDTH="3543"
                          VPOS="3344"
                          HPOS="397"
                          CONTENT="stützt. Ging über den Linganla nach Mikomirefi, aber mußte des"/>
               </TextLine>
               <TextLine ID="r1l28"
                         BASELINE="3718"
                         HEIGHT="259"
                         WIDTH="3483"
                         VPOS="3459"
                         HPOS="365">
                  <String ID="string_r1l28"
                          HEIGHT="259"
                          WIDTH="3483"
                          VPOS="3459"
                          HPOS="365"
                          CONTENT="Grases wegen umkehren, obwohl ich dicht bei einem guten"/>
               </TextLine>
               <TextLine ID="line_1571218308609_376"
                         BASELINE="3883"
                         HEIGHT="246"
                         WIDTH="3586"
                         VPOS="3637"
                         HPOS="361">
                  <String ID="string_line_1571218308609_376"
                          HEIGHT="246"
                          WIDTH="3586"
                          VPOS="3637"
                          HPOS="361"
                          CONTENT="Profil sein mußte. Kehrte auf Umweg über Kiwala zurück. Nichts,"/>
               </TextLine>
               <TextLine ID="r1l31"
                         BASELINE="4026"
                         HEIGHT="204"
                         WIDTH="3648"
                         VPOS="3822"
                         HPOS="355">
                  <String ID="string_r1l31"
                          HEIGHT="204"
                          WIDTH="3648"
                          VPOS="3822"
                          HPOS="355"
                          CONTENT="garnichts zu sehen. 2 vereinzelte Knochensplitter, dabei nichts sonst."/>
               </TextLine>
               <TextLine ID="r1l32"
                         BASELINE="4188"
                         HEIGHT="260"
                         WIDTH="2305"
                         VPOS="3928"
                         HPOS="530">
                  <String ID="string_r1l32"
                          HEIGHT="260"
                          WIDTH="2305"
                          VPOS="3928"
                          HPOS="530"
                          CONTENT="Unterwegs Regen. Es ist zum Verzweifeln."/>
               </TextLine>
               <TextLine ID="r1l33"
                         BASELINE="4292"
                         HEIGHT="184"
                         WIDTH="3293"
                         VPOS="4108"
                         HPOS="451">
                  <String ID="string_r1l33"
                          HEIGHT="184"
                          WIDTH="3293"
                          VPOS="4108"
                          HPOS="451"
                          CONTENT="Sonntag d. 30. Juli: Ließ nach O. Barrabarra schlagen, da einige"/>
               </TextLine>
               <TextLine ID="r1l34"
                         BASELINE="4443"
                         HEIGHT="215"
                         WIDTH="3512"
                         VPOS="4228"
                         HPOS="343">
                  <String ID="string_r1l34"
                          HEIGHT="215"
                          WIDTH="3512"
                          VPOS="4228"
                          HPOS="343"
                          CONTENT="Träger stark gebummelt hatten u. nachexerzieren mußten. Jetzt wird"/>
               </TextLine>
               <TextLine ID="r1l35"
                         BASELINE="4602"
                         HEIGHT="164"
                         WIDTH="3557"
                         VPOS="4438"
                         HPOS="356">
                  <String ID="string_r1l35"
                          HEIGHT="164"
                          WIDTH="3557"
                          VPOS="4438"
                          HPOS="356"
                          CONTENT="es am Lager doch menschenwürdig. Auch ein Brunnenloch ist in dem"/>
               </TextLine>
               <TextLine ID="r1l36"
                         BASELINE="4711"
                         HEIGHT="170"
                         WIDTH="3667"
                         VPOS="4541"
                         HPOS="372">
                  <String ID="string_r1l36"
                          HEIGHT="170"
                          WIDTH="3667"
                          VPOS="4541"
                          HPOS="372"
                          CONTENT="Ton, der den Sumpf trägt, gegraben u. viel Wasser darin, wenn auch trübe."/>
               </TextLine>
               <TextLine ID="r1l37"
                         BASELINE="4939"
                         HEIGHT="249"
                         WIDTH="3402"
                         VPOS="4690"
                         HPOS="668">
                  <String ID="string_r1l37"
                          HEIGHT="249"
                          WIDTH="3402"
                          VPOS="4690"
                          HPOS="668"
                          CONTENT="Nahm mir die Jura-Arbeit (Zentralbahn) vor. Gelesen. Gobineau „Tänzerin"/>
               </TextLine>
               <TextLine ID="r1l38"
                         BASELINE="5023"
                         HEIGHT="199"
                         WIDTH="703"
                         VPOS="4824"
                         HPOS="3234">
                  <String ID="string_r1l38"
                          HEIGHT="199"
                          WIDTH="703"
                          VPOS="4824"
                          HPOS="3234"
                          CONTENT="von Schamacha“"/>
               </TextLine>
            </TextBlock>
         </PrintSpace>
      </Page>
   </Layout>
</alto>
