4260 5213
331 230 199 208 48

324 512 3507 291 daß ich Tölpel ganz gemeinen Bauernfängern in die Netze

371 727 3525 201 gegangen sein muß! Der Verlust ließ mich ganz gleichgiltig, ein

355 898 3596 168 Gewinn wäre mir mindestens ebenso unsympathisch gewesen.

557 971 3391 205 27. Oct. Früh in großer Eile noch grade zum Zug zurecht gekom„

413 1097 3548 225 men, wobei ich wieder unwürdige Aufgeregtheit auf dem Bahnhof

418 1242 3604 236 verriet und an den Engländer in Eyth's „Blinder Passagier“ mich

412 1394 3539 173 erinnern mußte. Die Rechnung hatte mich freilich nahezu das

407 1485 3600 216 Letzte gekostet, kaum konnte ich telegraphisch von Haus Geld erbitten,

419 1673 3529 178 und in Italien wäre es mir ohne Paß kaum ausgehändigt wor„

425 1772 3542 189 den, ich mußte also über die Grenze. Schöner Abschied aus solchem

447 1892 438 189 Lande!

628 1970 3324 170 Überraschend schnell sah ich mich den Alpen und dem ersten Schnee

478 2100 3449 253 gegenüber. Fahrt bis Lugano. Es war trübe und regnerisch, aber auch

457 2234 3532 239 sonst hätte ich auf die Fahrt über Comer-, Lugano- u. Maggiore-See

456 2367 3538 188 verzichten müssen, um die Einbuße von gestern durch Sparen wie„

459 2476 3530 232 der wettzumachen. Wer eine Mutter u. Schwester in wenig glänzen„

456 2610 3414 193 den Verhältnissen hat, besitzt auch mit 11000 M. Spargeldern keine

500 2764 3512 157 300 zum Verlieren. Was hätte ich dafür in Italien haben können,

484 2902 3163 192 der ich wegen der 21 Frs. auf den Vesuv verzichtet hatte!

783 3015 3159 196 Im „Weißen Kreuz“ abgestiegen. Bummel durch den hübschen

509 3124 3422 156 Ort, aber Regen u. Schmutz, sowie frühe Dunkelheit zwangen in's

509 3241 3516 249 Hotel zurück. Der „Herr“ kam natürlich nicht. Öder Aufenthalt

484 3372 2561 230 in solcher Umgebung. O meine Tropensonne!

665 3490 3378 241 28. Oct. Herrlich klarer schöner Tag, auf den Spitzen Neuschnee.

453 3654 3565 172 Da kein Geld, war das Programm bald entworfen: Telegramm an

2190 3763 497 132 San Salvatore?

412 3781 3480 200 Mama, zu Fuß auf den Mte Bre. Ich bereute es nicht! Welche

494 3953 3513 173 unendliche Schönheit. Zu einem Gläschen Wein reichte es noch grade,

483 4032 3467 230 konnte im Freien sitzen mit diesem Blick. Ach wären Mama,

521 4188 1054 257 u. Erna mit hier!

684 4296 3160 209 Nachm. Geld erhalten. Zu Fuß westl. über einen kleinen See

453 4430 3400 226 bis zur andern Spitze des M Luganer Sees. Kostbare Bilder.
