4260 5213
231 195 221 194 22

469 268 3425 238 6. Sept. Morgens in weitem Bogen vom Makangaga- See durch Pori zum

418 420 3504 276 Graben, meist auf d. frischen Fährte einer Herde Hartebeester, die jedoch

418 562 3443 276 unauffindbar. Vom Graben aus abermals nach andrer Richtung

419 693 3448 213 in's Pori, erlegte nun eins von 3 Hartebeestern, denen wir im

402 886 3563 203 Gras begegneten. Danach sofort ein Volk Perlhühner u. einen Riedbock

419 962 3415 220 wenigstens gesehen, alles dicht beieinander. Wo aber bleiben die

399 1118 3551 229 Schweine? Mir war morgens diese absolute Leblosigkeit selbst an

444 1285 3349 206 sehr geeigneten Stellen wieder ein Rätsel u. fast unheimlich.

446 1424 3340 254 Die Barappi-Herde bei Muazi, die ich in d. letzten 14 Tagen

437 1574 3375 245 mehrmals gänzlich vergeblich gesucht hatte, wird natürlich von

454 1713 3253 214 meinen auf einem Auftrag nur durchkommenden Leuten

470 1868 443 180 gesichtet.

635 1965 3216 289 Nachm. einen „Mwewe“-Raubvogel geschossen. Die Post kommt

461 2173 3515 238 unerklärlicherweise auch heut noch nicht. Weiter im Kant gelesen.

525 2300 3343 252 9. Sept. Die Leute sehen auf d. Wege z. Graben frische Spuren v. Hartebeestern,

477 2472 3383 179 ich wieder hinterher, da ich in d. paar Tagen dem reichen Bestand

476 2597 3431 243 nicht mehr Schaden zufügen kann. Bis westlich über den Namitambo,

483 2752 3511 248 mehrfach frische Spuren in d. Asche eines gestern gut entwickelten Feuers,

501 2937 3352 168 auch d. Elephant, aber nichts zu sehen. Zum Graben; die fundi's heben

516 3049 3384 250 seit d. ersten nur noch ab u. machen's hübsch sorgfältig u. geschickt. Noch„

532 3183 3295 254 mals auf Suche durch wilden Busch ohne alles Ergebnis außer Loch in

557 3362 3150 179 d. Hose u. etwas reichliche Anstrengung. Die Sonne wird warm.

1071 3448 2442 178 D. Wasserkunder sahen natürl. ca 10 Uhr am Wege zum Graben 3 Hartebeester.

759 3516 1923 214 Post, endlich meine Zeitschriften.

577 3662 3221 219 Nachm. etwas Fieber u. Kopfschmerzen, doch so, daß ich mich nicht

507 3825 3445 194 veranlaßt sah sofort zu Bett zu gehen. Abends legte ich mich früher,

529 3992 3440 180 aber des Fiebern war schon wieder vorbei. Ich habe gestern mein

559 4083 1501 228 Chinin nicht genommen.

729 4236 447 221 8. Sept.

389 4508 3461 304 Morgens ein wilder Hund in d. Falle, andere hörte man den ganzen Tag. Mußte

415 4706 1335 231 ihn durch Ali abschießen lassen.

1133 4227 2754 237 Nicht aus d. Lager gegangen. Zeitschriften gelesen u. mich

526 4382 3409 210 damit über die Benommenheit hinweggetäuscht. Ein Genuß,
