4260 5213
323 239 208 210 24

449 408 3453 269 die Hartebeester (Barappi wäre mir lieber gewesen) ziem„

451 554 3533 209 lich nahe, aber so ungünstig hinter vielen kleinen Bäumchen,

450 691 3388 309 daß eine Kugel vermutlich abgelenkt worden wäre. Sie

508 885 3334 274 gingen wieder ab u. nun war alles Streifen völlig

503 1016 3315 252 vergebens, auch andre Herden oder Einzelgänger nicht

514 1154 3416 324 zu finden, nur ein flüchtiges Warzenschwein. Ich kam

474 1311 3285 341 also überhaupt garnicht zu Schuß, außer einmal auf

461 1479 3465 355 Perlhühner sehr ungedeckt u. weit, natürlich traf d. Schrot

501 1716 1027 269 mal wieder nicht.

712 1771 3268 358 Inzwischen waren 6 Wangoni selbst auf Jagd gewesen u.

515 2057 3384 209 beschämten mich mit einem Buschbockweibchen, das sie

553 2170 3397 281 gejagt u. mit Keulenwurf erlegt hatten, freilich hatte es

535 2293 3327 278 einen beschädigten Lauf. Dennoch alle Achtung. Erstens

531 2465 3277 326 sehe ich keine Buschböcke, zweitens kann ich im Busch nicht

603 2632 3388 295 folgen, drittens hindern d. Bäume am Schießen, geschweige

562 2779 3297 268 denn Werfen u. viertens gehört eine anständige Ge„

583 2929 1881 260 schwindigkeit zu solchem Laufen.

730 3130 2996 222 „Kunstwart“ (sehr anregungsreich) u. „Naturw. Wochenschr.“

623 3275 355 204 gelesen.

772 3294 3279 275 Mußte heut Leute zum Mtama-Einkauf schicken, da d. Leute nichts zu essen haben.

724 3484 3253 190 11. Sept. Morgens im Wald von Muazi, die Barappis zu suchen, natür„

572 3591 3309 257 lich nicht d. Geringste zu sehen, über Barrabarra gegen Tila-

615 3785 3242 211 wandu, wo ich vorgestern habe brennen lassen u. wo sich

610 3976 3248 165 Kudu's aufhalten sollen, was bei dem sehr zerschnittenen Ge„

559 4108 3379 173 lände nicht unmöglich ist. Keine Spur. Am Graben erfuhr ich

586 4259 3209 246 dann, es sei eine Herde von Barappis u. Gnus über d.

553 4398 3213 270 Weg gegangen. Folgte nochmals, sah aber nicht einmal
