4260 5213
306 277 216 172 12

371 425 3671 292 d. nahen Nambunju, um den heutigen dringendsten Bedarf zu decken.

391 626 3531 200 Der sehr üble Jumbe schickte sie leer zurück, so daß ich mich entschloß

397 740 3219 287 die Safari nach d. Matandu ohne weiteres Abwarten anzutreten.

631 899 3293 249 16. Aug. Marsch nach dem 1 ¾ Std. entfernten Nambunyu, konnte

422 1082 3541 181 leider nicht weiter gehen, um mir d. Jumben vorzunehmen u.

420 1216 3548 214 den verweigerten Einkauf nunmehr durch meine Anwesenheit

416 1334 3440 244 zu erzwingen. Prügele aber ungern Herren von d. Regierung

445 1454 3394 216 u. holte lieber d. Zuckerbrot vor, indem ich an diejenigen, die

417 1616 3360 184 Mtama brachten, Fleisch verteilte u dem Jumben nichts gab,

421 1735 3527 266 vielleicht die härteste Strafe. Schoß heut nicht gut, 5 mal Warzen„

431 1890 3418 233 schweine gefehlt. Ein Paar Hartebeester (beides Männchen) auf

461 2044 3561 217 großer Entfernung u. nach langem vergeblichem Folgen beschossen,

443 2166 3412 246 konnte aber nicht erkennen, ob mit Erfolg. Da sie ganz langsam

454 2357 3403 187 weiterzogen, hielt ich sie für unbeschädigt, erlegte dann das

472 2473 3489 206 eine u. traf auch das andre, das sich daneben niederlegte. Ich

468 2587 3386 245 hielt es für erledigt u. wollte einen Fangschuß aus d. Nähe

475 2720 3461 227 abgeben, da sprang es auf u. flüchtete mit ganz zerschossenem

473 2839 3349 280 Hinterbein. Nun begann eine fürchterliche Verfolgung auf der

458 3017 3426 226 Spur, die wir immer u. immer wieder in d. Senken ver„

475 3239 3430 184 loren, da kein Blut zu sehen. Oft war es gefallen, zweimal

448 3360 3544 197 sah ich es mit Riesengewalt aufspringen u. im tollsten Tempo

477 3447 3325 268 abjagen, durch dickes, hartes Gras, wirre Bambusbestände u.

460 3616 3400 249 zuletzt unendlich dichten Busch mit vielen Dornen, so daß wir

454 3757 3587 253 nur mit vielen Umwegen u. sehr langsam hinterher kamen.

450 3878 3505 221 Wie die Tiere ohne ernstliche Verletzung besonders der Augen, wie

447 4064 3372 247 sie überhaupt hindurchkommen mit ihrer Größe u. d. Gehörn, ist

483 4205 3445 207 mir ein Rätsel, obendrein aber ein schwer verwundetes. Mein

509 4384 3358 211 letzter Tee war um 12 ausgetrunken, um 2 fürchtete ich die
