4260 5213
3668 204 224 196 41

270 563 3776 211 an Deck, wundervolle Stimmung über der Bucht im Mondschein

306 799 3264 151 mit der Silhouette des Vesuv, links glitten die Lichter

316 886 3475 238 unaufhörlich langsam vorüber. Dann leise dämmernd

356 1057 3566 217 der Tag. Einfahrt in den Hafen neben einem menschen„

381 1179 3473 227 erfüllten Italiener (Tripolis-Sendung?) Von Krieg keine

412 1332 3526 195 Spur. An Land u. durch d. Zoll ohne Schwierigkeit. Nahm Wagen zum

374 1470 3352 223 Hotel, aber 3 Männer hielten ihn an, um noch 4 M. für einen

365 1584 3511 234 angeblichen Gepäckträger zu erpressen, der Hoteldiener dolmetschte, auch

401 1711 3461 290 ein Wechsler war für Notfälle dabei, großartige Organisation. Es

401 1942 3525 182 war offenbarer Raub am hellen Tage auf d. Straße — und links

403 2045 3502 236 neben dem Wagen stand der Polizist. Wegen Mangels an

382 2163 3581 271 Sprachkenntnis mußte ich kapitulieren. Wir wären also wieder

336 2359 2849 214 im kultivierten Europa! Logis im Hotel Müller.

593 2505 3124 216 Im Aquarium u. im Stadtgewühl, um Einkäufe zu machen.

282 2626 3376 208 Wunderschöner piazza Vittoria. Gegen Abend mit elektr. Bahn zum

344 2747 3571 255 Posilippo, auf der Chaussee weiter gegen das Kap zu. Ganz kostbare

357 2892 3515 242 Villen und Gärten am Steilufer über dem Meer, Rückblick auf

334 3103 3371 189 Stadt und Vesuv. Eine Italienreise fällt noch zum Schluß als

400 3210 3459 210 Zugabe ab! Rechts aufwärts, leider stets zwischen Mauern u. sehr

358 3405 3436 180 staubig, auch noch verflucht heiß! Einige Blicke auf die nach

302 3473 3701 277 N. anschließende Küste und das zerrissene Land. Sehr malerischer

352 3652 3306 243 Abstieg durch steile, echt italienische Straße mit Schafherden,

384 3787 2480 251 Murillo-Knaben und reizenden Blicken.

609 3963 3314 206 In der Salleria Umberto einen Kinematographen aufgesucht,

332 4087 3603 187 wo Lichtbilder vom Kriegsschauplatz (arab. Reiter, Torpedoboote u.

321 4316 3725 163 dgl.) gegeben wurden, um das Publikum dabei zu beobach„

371 4442 3323 196 ten. Wenn der Eindruck richtig war, ist das Volk gänzlich
