4260 5213
3659 177 174 184 55

258 525 3668 254 geboren wird, ist unfaßbar. Es fesselte mich von Anfang bis zu Ende

308 729 3691 217 u. erweckte den Wunsch es gleich noch einmal zu hören.

426 889 3420 174 12.) Abends: Gebrüder Hackmann u. Gebr. Stöckhardt, so wie

362 1002 3402 181 E. Schultze-Lindi hier. Gemütlicher Abend, Herr Schulze schien mir

362 1154 3531 219 leider nicht recht warm zu werden. Photographieen gezeigt.

489 1288 3508 203 13.) In Landesanstalt u. Völkerkunde-Museum Besuche gemacht,

427 1441 1214 220 niemand getroffen.

536 1504 3242 263 14.) Abd. Mit Mama u. Liesbeth im Marcell Salzer-Abend in

389 1708 3402 197 Friedenau. Mit seinen Humoristischen Vorträgen u. seiner

402 1903 3420 211 gemütlichen großen Vortragskunst hat Salzer eigentlich eine

415 2059 3333 210 ganz neue Kunst geschaffen, die mich ungemein anspricht.

507 2182 3401 231 Lieder zur Laute von einer Dame, deren Stimme leidlich,

498 2294 2377 224 deren Biedermeier-Kostüm unleidlich.

539 2468 3416 164 16.) Abds. wieder mit Herrn Schulze im Konzert der Musikhochschule:

412 2600 1585 240 Oktett, Trio u. Solo-Sängerin.

277 2793 3705 210 Sonntag d. 17. Nachm. in d. Urania zu Lichtbildervorführung von Kinema„

377 2901 3603 219 tographischen Tieraufnahmen aus der europ. Vogelwelt u. afri„

421 3053 3421 235 kanischem Großwild, ganz überraschend prächtige Sachen vom

444 3223 3466 170 Nestleben aus nächster Nähe erlauscht, dann ein anstürmendes

422 3373 3586 185 Nashorn — o Wahnsinn! — aus 12 m. photographiert im Vertrauen

419 3490 3356 213 auf Büchse des Begleiters, als Höhepunkt aber eine Jagd

404 3590 3550 198 von Massai's auf einen Löwen in offener Buschsteppe u.

414 3768 3581 228 seine Erlegung mit Speeren auf 40 m. Entfernung! Derartige

378 3884 3541 274 Wunder Jedem zugänglich, man möchte an der Möglichkeit

408 4038 3444 222 immer noch mehr zu bieten verzweifeln. Und d. Saal fast

418 4189 3554 236 leer! Freilich die andern Kinomatographen und Spezialitäten„

417 4355 2959 207 theater können sich nicht retten vor Besuchern.

741 4519 3207 244 In der Stadt etwas gebummelt, dann in's Charlotten„
