4260 5213
3684 224 212 167 13

345 490 3658 183 Anstrengung in d. glühenden Sonne zu übertreiben u. mußte

346 663 3569 173 wieder einmal ein armes Tier in physischer Qual u. seelischer

363 763 3548 171 Angst, die es mir verdankte zurücklassen. Aber das ist nur zu

355 855 3484 227 vermeiden, wenn man die Jagd ganz läßt u. ich glaube,

384 1014 3273 226 nicht, daß eine Pflicht das fordert. Wir sind Raubtiere!

404 1163 1979 240 Noch über 1 Std. Rückweg zum Lager.

561 1310 3178 236 17. Aug. Nach Mitore am Matandu, über Luembe-Kipupuru. Am

334 1438 3663 196 Wege eine neulich gefundene Knochenstelle besichtigt, rechts des Malonda,

355 1615 3565 186 als Vorkommen interessant, aber an sich unbrauchbar. Überall unge„

325 1779 3579 143 branntes Gras, im Malonda-Tal Schamben. In Luembe unter Palmen u.

318 1911 3441 153 Mangos gerastet; schönes Rauschen in den Blättern, willkommener

346 1983 3658 214 Trunk in den Früchten! Auf „barrabarra“ (schlecht genug gereinigt) bis zum

319 2170 3555 156 Akiden in Mitore. Ali morgens mit meinem Führer Mfanme mit

326 2221 3677 230 Flinte ausgeschickt, um d. armen Hartebeest den Rest zu geben. Zum Glück

323 2373 3598 265 fanden sie es auch, obwohl d. Tier nachts nicht stillgelegen hatte, sondern

348 2513 3685 196 immer kurze Strecken sich weitergeschleppt hatte, und Ali gelang es, es mit

330 2645 3731 194 einer Kugel sofort zu töten. Er berichtete mir, als er spät abends ins Lager kam,

346 2834 3708 111 nicht nur das Hinterbein sei zerschossen gewesen, sondern auch ein Vorderbein

356 2899 3653 195 u. eine Kugel sei durch den Leib gegangen. Es ist entsetzlich; aber wenn

379 3001 3574 204 damit ein Tier im schärfsten Galopp durch dichtestes Dorngestrüpp rast u.

353 3146 3661 167 kaum ein Tröpfchen Blut zu sehen ist, wenn es immer u. immer wie„

348 3257 3663 198 der aufspringen kann, dann muß ich meine körperliche gänzliche Inferi„

331 3394 810 178 orität bekennen.

448 3448 3537 250 Mitore prächtig in Palmen und Mangos, aber auch unmittelbar zwischen

357 3639 3561 173 wildem Gras. Auf kleinem Vorsprung des Talrandes gelegen, untere Hälfte

394 3777 3566 218 offenbar Saurierschichten, obere interessante Flußsandablagerungen mit

404 3914 3478 230 rötlichem lehnigen Sand darauf. Bornhardt hat schon richtig gesehen!

389 4070 3565 175 In sumpfartiger Erweiterung des Matanda. Kibokos, aber nicht

376 4242 3703 223 heranzukommen, im Fluß recht wenig, wenn auch fließendes Wasser.

369 4344 3703 262 Trocken-Mäander voll abgeernteter Reisfelder u. Bananen, sonst Mtama.
