4260 5213
291 219 128 238 4

457 500 3514 252 31. Juli: Erna an ihrem Geburtstag geschrieben. Hoffentlich feiert

550 699 2598 260 sie ihn mit Mama u. Bruno auf Bornholm

645 845 1542 240 Vorbereitungen zur Safari

577 933 3164 277 Grabe jetzt ohne Hoffnung an d. Wege nach Muazi. Heut soll

557 1141 3314 234 ein Bein gefunden sein. Die Praeparatoren sind so reichlich und

535 1299 3460 209 haben nichts zu tun. Ich schicke sie zum Fossilsuchen, aber es giebt

547 1442 3429 243 wenig u. man kommt nirgends hin, ich schicke sie zum

520 1587 1974 235 Brennen, aber es brennt nicht.

733 1733 3244 208 1 August: Safari nach Kiturika-Bergen mit fast allen

500 1884 3466 229 Praeparatoren zum Fossilsuchen u. vor allem auf Erkundigung hin„

468 2013 3495 219 sichtlich Verpflegung. Über Manyungu (unbewohnt) wo Elephanten die

508 2165 3424 218 Hälfte der wenigen Kokospalmen umgerissen haben, dann vom

474 2383 3487 175 Wege rechts ab auf Mbatata-Berg. Wie viel schöner müßte es noch

484 2425 3541 289 sein, wenn gebrannt wäre. Auch Wild scheint reichlich zu sein. Letzter

477 2649 3589 170 Anstieg sehr steil, aber oben schöner Rundblick auf See, Matumbi-Gebirge

476 2751 3553 172 u. das weite Flachland bis zum fernen scharf heraustretenden Nandanga.

469 2912 3464 190 Merkte dann, das die erreichte Höhe noch von einer kleinen Stufe über„

499 3069 3455 188 ragt wird. Von dort Rundpeilungen u. skizziert. Eigenartig festes Gestein

479 3136 3460 240 mit einzelnen roten Blöcken, leider ganz fossilfrei. Hier auf dieser vom

491 3274 3442 226 eigentlichen Plateau abgeschnittenen freien Höhe trotz des Steilabsturzes nach

481 3413 3429 165 3 Seiten zahlreiche Spuren großer Antilopen u. Elephanten; als hätten

488 3530 3369 271 sie einen Sinn für d. schöne Bild, das sie bei Mondschein etwa

502 3692 3394 226 am Rande des Hanges bieten müssen. Gras finden sie wahrlich auch

498 3834 3483 181 anderswo. Abstieg nach O., wo am Fuße gut gebrannt war, ein Labsal!

472 4000 3412 174 Perlhühner geschossen. Am Wege seitlich mitten im ebenen sandigen

465 4119 3368 154 Waldboden plötzlich wirre Felspartieen, die mir ohne das Feuer

489 4267 3368 184 ohne Zweifel entgangen wären. Wieder der Korallenkalk. Sollte

487 4397 3345 234 etwa ein tertiäres Riff rings um d. Fuß des Kiturika ziehen?

1964 4541 1925 322 Abgesunkenes Urgon (5.XI.35)
