4260 5213
3751 235 198 180 15

321 359 3501 282 wieder: sie drückten sich selbst in d. Schutz hoher Laubbäume.

282 535 3577 269 Daß mir doch diese Sehnsucht erfüllt ist! Kurze Rast beim

312 748 3460 232 Jumben, um 1 Uhr im Lager. Hatte gestern brennen u. heut

292 849 3670 277 alles absuchen lassen, auch auf Matumbi-Ufer, aber ohne Erfolg.

294 1007 3694 313 Der geol.-morphol. Aufschluß über den See, den ich mir erheblich

268 1177 3410 286 anders vorgestellt hatte, ist mir jedoch recht wertvoll.

433 1467 3465 218 Ich hatte eigentlich heut zum ehemal. Sultan Kapilima oder doch

344 1595 3544 178 auf irgend einem Wege am Likandangware-Tal aufwärts gehen

348 1765 3660 193 wollen, doch die Unbewohntheit muß sich immer weiter ausdehnen,

347 1923 3507 200 da niemand etwas in dem Gebiet zu suchen hat u. nun d.

359 2071 3670 229 Grenzen infolge der Verwilderung noch weiter zurückweichen. Es

377 2213 3474 225 war mir ganz unmöglich, ich muß morgen denselben wenig

402 2249 3512 321 bietenden u. durch viele kleine Hügel ermüdenden Weg

369 2462 1515 237 über Nambunju zurück.

578 2619 3427 282 19. Aug. Morgens sehr früh bei Mondschein über Barrabarra

358 2764 3601 295 Rückweg angetreten. Sah schönes großes Barappi. In Nam-

328 2918 3400 243 bunju kurze Rast. Mitore-Nambunju 3 Std., Nambunju-

300 3129 3769 192 Makangaga 1½-2 Std. Ging nicht zum Graben, da mir gemeldet

317 3256 3507 282 wurde, es sei nichts. Poscho-Zahlung. Post, Brief von

275 3458 2654 262 Mama aus Bornholm; wie ich mich freue!

473 3600 3460 304 Sonntag d. 20. Aug: Wollte Ruhetag machen, mußte jedoch

392 3783 3643 309 den Graben besichtigen, da der Aufseher günstige Meldung machte

385 3980 3424 277 u. ich Janensch benachrichtigen wollte. In d. Tat ein einst

376 4107 3607 264 vollständiges Skelett, dessen Rumpf u. Halswirbels. in situ klar

409 4280 3051 288 zu erkennen, wenn auch nicht tadellos erhalten.

577 4450 3444 240 Bedeckt. Post beendigt. Aufsatz üb. Namengebung der Schwarzen (geographisch)
