4260 5213
275 275 123 184 8

326 496 3736 289 Büffel. Sandte Leute nach ihnen aus u. erhielt um 4 etwa Meldung. Darauf

370 753 3657 194 ging ich mit starker Begleitung bis zu dem überraschend entfernten Fluß

342 845 3638 221 (ca ½ Std. Die Leute schöpfen z. T. aus Wasserlöchern!), u. jenseits in d. Dickicht. Plötz„

357 999 3524 223 lich ging unmittelbar vor uns d. Gekrache los, wir waren, ehe ich noch d.

389 1113 3445 270 Gewehr selbst genommen hatte, der starken Herde auf vielleicht 25 m.

394 1299 3551 189 nahe gekommen, ohne daß auch nur das Geringste v. d. Tieren sichtbar

389 1461 3445 214 wurde. Wir flüchteten eiligst, da sie ebensogut auf uns zukommen

366 1608 3472 208 konnten. Auch Brüllen der Kühe ertönte. Da hier nicht möglich war,

349 1736 3574 220 zu Schuß zu kommen, wollte ich in eine angrenzende yangwa (offenen

355 1892 3555 237 Wald) auf die sie zu geflüchtet waren. Meine Führer gingen furchtlos,

406 2066 3518 166 wenn auch vorsichtig in gleicher Richtung weiter, wobei plötzlich

419 2242 3477 175 auch auf d. andern Seite d. Krachen losging. Das war mir doch

428 2282 3556 276 etwas unheimlich, zumal jede Kugel nach spätestens 5 m. abge„

420 2482 3510 169 lenkt werden mußte u. so nahe wohl nur ein bereits an„

432 2638 3509 203 stürmender Büffel kommt. Wir gingen dann am Rande rings

412 2776 3583 179 um d. Gehölz, ohne etwas zu sehen (als die Wald-bestandene Fläche, die

441 2932 3634 229 hier - anscheinend beim Zusammenstoß der Täler d. Mavudyi u. Kihendye -

417 3058 3574 204 in den Busch u. d. Hügelland unvermittelt eingestreut ist.) Auf d. Weg

429 3215 3592 147 zurückgekehrt trafen wir den Jumben, einen alten freundlichen hübschen

438 3353 3598 229 Greis mit 2 kleinen Kindere ruhig auf d. Nachhausewege, er berichtete

456 3487 3537 188 daß die Spuren nahe am Fluß üb. d. Weg führten. In d. Tat war die

478 3653 3491 236 ganze Herde im Bogen rückwärts durchgebrochen u. zwar im übrigen

462 3795 3601 240 völlig lautlos. Es war überflüssig in dem Dickicht zu folgen, ich kehrte wieder

448 3942 3624 153 unverrichteter Sache heim, aber doch um einige seltsame Erfahrungen

464 4112 3413 202 reicher. Die Leutchen hier in diesem verlornen Talkessel kamen

461 4214 3311 165 mir sehr viel freundlicher vor als alle andern Kilwa-Bewohner.

789 4391 3108 231 4. Aug. Rückkehr nach Makangaga. Morgens schöne Wanderung
