4260 5213
306 201 199 154 30

397 408 3583 220 selbst mit gutem Gewissen morgen aufbrechen. Zu packen begonnen.

375 529 3618 270 Nachm. Kleidungsstücke, Messer, Schenzi-Hacken, Tabak u. sonst nicht mehr

376 676 3490 228 Brauchbares an d. Leute ausgeteilt. Mich hat schon mehrfach die

378 817 3503 222 Unersättlichkeit bei solchen Gelegenheiten abgestoßen u. gekränkt.

372 985 3527 215 Bekommen sie nichts, entbehren sie nichts, giebt man ihnen

406 1126 3543 216 aber etwas, so wollen sie mehr. Nun für mich geht der Schluß

425 1283 2885 239 daraus nicht auf das bequeme „na dann nicht“!

591 1424 2385 262 Es wird heiß u. ich scheide ohne Trauer.

538 1581 3403 283 18. Sept: Um ½ 4 aufgestanden, doch erst gegen 6 Aufbruch. Karani mit

463 1716 3497 252 wenigen Leuten zum Verpacken u. Absenden der noch übrigen

471 1886 3341 193 Lasten zurückgelassen, zumal heut noch 4 Mann m. Kisten von

450 2035 3369 223 Kilwa her eintreffen müssen. Marsch am Linganla abwärts,

453 2184 3271 231 um Grenze zw. Tertiär u. Kreide zu studieren u. weil in

434 2289 3526 249 Namanoro Kudu's stehen sollten, auch um Träger anzuwer„

448 2482 3410 191 ben. Viel Schamben, aber kaum ein männlicher Einwohner

424 2599 3435 183 ließ sich blicken. Mittags beim Jumben, Mangos u. Palmen.

565 2766 3350 249 Gegen 3 eine Strecke weit zum Flusse, in dem hier tiefen

452 2856 3534 270 u. breiten Bachbett größere stehende Wasserflächen. Dabei

487 2993 3468 267 zahllose Fährten, vor allem von Wasserböcken. Hatte die Falle

474 3163 3471 206 mitgebracht, aber der Zugänge waren zu viel u. Katzen„

468 3324 3521 217 spuren nicht sichtbar. Warum übrigens, hier wäre doch jede

477 3439 3382 246 Nacht ein Braten völlig sicher! Jenseits in teilweise

510 3615 3425 273 gut gebranntem Gebiet noch viel frische Spuren, so daß ich

464 3821 3458 228 auf Warzenschweine nicht schoß, um nicht Antilopen zu

479 3913 3382 228 verscheuchen. Aber nichts zu sehen, ging auf s andre,

495 4067 3368 218 Ufer über, z. T. durch wüsten Busch, bis auf eine un„

522 4245 3520 169 bewohnte Höhe mit Mangos, aber auch hier trotz vieler

522 4414 3444 210 Spuren nichts. Im Lager inzwischen 2 von den 4 Kilwa-
