4260 5213
3738 207 123 143 1

1525 243 334 222 1911.

2401 269 895 304 Makangaga

316 576 3376 228 22. Juli: Vormittags mit einem hiesigen sehr verständigen Führer

294 727 3595 249 zu einer von ihm in d. Regenzeit am Wege nach Naiwanga ent„

299 856 3617 195 deckten Knochenfundstelle. Sehr schlechte Wege, alles Gras grün u. unbrenn„

287 993 3678 205 bar, die Knochenstücke ganz unbrauchbar, wenn auch reichlich, offen„

309 1132 3669 219 bar bereits alles herausgewittert u. in d. Tiefe nichts mehr

285 1332 3616 208 zu erwarten. Nördl. von Makangaga noch einige Schamben, sonst

322 1444 3677 171 völlige Wildnis bis zur Songea-Str. im Norden, nach W. unabsehbar.

309 1569 3651 210 Aber einstweilen unzugänglich, da fast kein Weg. Zurück durch

311 1733 3697 258 Gras, aber Suchen ist ausgeschlossen, wenn man nicht einmal

337 1857 3562 225 den Boden unter den Füßen sieht. Zum Glück fanden wir

326 2043 3580 172 eine breit ausgetretene Elephantenstraße, die uns zurück zum

299 2177 3462 197 Lager führte, da es am Wasser liegt. Die Felder sind von

283 2338 1993 244 Elephanten völlig verwüstet.

509 2370 3424 346 Nachm. Briefe nach Haus und an Branca. Wasserstelle besichtigt:

293 2570 3737 228 ein Schilfsumpf mit nassem, stellenweise wasserbedecktem Boden,

317 2761 3129 274 soweit am Rande sichtbar. Schöne Baumumrahmung.

475 2911 3419 216 Sonntag d. 23. Juli: Auf Jagd. Man führte mich in die Hügel von

329 3071 3415 216 Misengule, wo das Gras wenigstens auf den Höhen den Blick frei

349 3181 3351 219 läßt. Endlich unter uns im Tal eine Herde Hartebeester. Sie

338 3353 3316 239 hatten etwas gehört u. waren unruhig. Ich mußte daher auf

312 3511 3497 177 beträchtliche Entfernung schießen. Es hatte nur den Erfolg, daß

313 3663 3433 219 sie nach der andern Seite äugten, wo die beiden ersten Kugeln

326 3864 3557 169 eingeschlagen waren. Ich schoß noch recht häufig u. wunderte mich,

341 3931 3480 231 daß so garnichts treffen wollte. Auch war im Gras nicht zu sehen,

366 4101 3437 175 ob eins etwa gefallen war u. welches mir zuvor als Ziel

355 4231 3314 257 gedient hatte. Als sie endlich abgingen, bemerkte ich, daß

379 4364 3507 234 2 von den 6 Stück Schüsse abbekommen hatten. Eins fanden wir

375 4517 3436 227 nicht weit, das andre erlegte ich eine ganze Strecke weiter und
