4260 5213
3661 232 262 150 27

357 565 3610 234 Gottes „Es werde Licht“ für einen Erlaß an die unterstellte

392 716 3597 167 Behörde ansehen! Wie die das dann macht, das ist ihre Sache!

515 917 3296 147 13. Sept. In der Falle, die seit 2 Tagen am Brunnenloch von

368 1018 3683 209 Kiwala steht, wieder einen „Wolf“ (wilden Hund) gefangen. Mußte

376 1128 3465 256 freilich Fell, Falle u. Brunnen v. meinen Leuten gründlichst

368 1289 3573 172 reinigen lassen, da das Tier hineingefallen u. schon fast er„

316 1455 3378 182 trunken war, als ich's erlöst. Wer aber in Afrika in's

347 1576 1779 267 „Wasser“ fällt, besudelt sich.

615 1766 3214 210 Ging dann durch den Wald von Muazi, sah aber wieder

388 1889 3542 240 weder Barappis noch sonst etwas Lebendes. Es ist wirklich

389 2025 583 252 fabelhaft.

521 2063 3416 256 Der Hals wird u. wird nicht fertig u. der Lasten immer

386 2286 304 209 mehr.

551 2340 3469 311 Mit meiner Lektüre schon wieder am Ende, greife immer

422 2548 3647 230 wieder zu Kant u. mit viel Anregung, die mich zu schriftlichen

440 2672 3469 174 Niederlegungen veranlaßt. Aber wenn ich unabhängig wäre,

403 2841 3635 237 setzte ich mich hin, übersetzte Kant in's Deutsche u. möchte glauben,

444 2954 3351 201 daß er dann auch Aufnahme bei den Dichtern u. Denkern

423 3155 3515 232 fände. Dieses Konstruktionsbasteln ist schlimmer als bei Cicero

454 3245 3543 218 u. zu anstrengend. Einen kl. Teil der Schuld trägt freilich

431 3380 3485 231 unsere Sprache selbst, weil sie die Praedikate (außer in d.

443 3603 3442 196 Inversion) so wüst auseinanderreißt. Und was Kant'scher

399 3741 3554 304 Gedankenstrom dazwischen hineinstrudelt, muß notwendiger„

420 3936 3456 239 weise sprengend wirken. Wir sollen dann die Trümmer

420 4099 3533 196 wieder zusammenleimen u. zugleich den Gedankengängen

397 4218 1735 278 folgen! Ich kann das nicht.

621 4348 3143 277 14. Sept. Viel im Graben. Es rückt nicht. Wieder keine
