4260 5213
256 223 236 160 42

398 533 3400 222 teilnahmslos; bei den Schlußworten „viva Tripoli Italiana!“

445 702 3517 183 begann Einer schüchtern zu klatschen, aber es erstickte im

432 846 2913 253 Schweigen. Wo bleibt die südländische Leidenschaft?

643 1014 3180 247 19. Oct. Mit Dampfer über Sorrent nach Capri (2 Std.) Die Vesuv-

420 1161 3562 176 Tour war mir zu unverschämt teuer u. Tätigkeit war an ihm leider

398 1290 3598 199 nicht zu erblicken. Der sonnige Golf ganz bezaubernd schön. In der

369 1485 3648 202 blauen Grotte, wo die bei unruhigem Wasser vor sich gehende primi„

387 1601 3473 183 tive Einfahrt gegen das Unwesen der Fremdenindustrie er„

405 1782 3530 212 freulich abstach: In Scharen kamen die Passagiere hinein, so daß

366 1878 3603 217 von feierlicher Stimmung nicht viel die Rede war. Aber das

442 2036 3377 248 zauberhafte Blau, das aus der Tiefe zu dringen schein u.

502 2184 2373 235 sich an jedes Ruder, jeden Kahn heftet,

2698 2176 410 98 an der

2829 2193 1109 218 Decke wiederspie„

468 2347 3530 207 gelt, konnte man zum Glück noch nicht verderben. Aufent„

500 2463 3319 242 halt natürlich viel zu kurz. Mit Dampfer zur Landungsstelle

476 2626 3458 174 von Capri zurück, an Land. Mittag auf d. Terrasse der „Blauen

528 2781 3397 191 Grotte“. Der kleine Capri-Golf lag im Farbenglanz und Licht„

510 2913 3440 165 reinheit vor mir wie ein norweg. Fjord dazu ein guter

501 3071 3396 204 Trunk! Zu Fuß aufwärts in den Labyrinthwegen zwischen den

454 3234 3319 211 Weinbergsmauern, später steiler ansteigend auf dem aus

456 3366 3418 221 Phönizierzeit stammenden Fußsteig an der Felsenwand

483 3478 3432 251 von Anacapri. Recht heiß beim Klettern köstliche Blicke.

502 3667 3417 211 Straße abwärts zum Ort Capri, dann Rückfahrt nach Neapel,

519 3772 3327 216 wo wir erst im Dunklen eintrafen. Rast die Zeit hier

514 3918 3216 188 auch so? Herrlich wieder die Dämmerung auf dem

470 4081 3535 230 Wasser, der violette Vesuv, Delphine am Schiff, Sommertags„

475 4211 1664 265 und Reiselust. Viel Deutsche.

621 4427 3391 200 30. Oct. Früh zur Bahn, Fahrt nach Rom. Der Aufenthalt ist leider viel
