4260 5213
298 285 116 155 6

422 531 3335 266 Im Fluße Nindi wenige, aber wichtige Fossilien. Wieder sehr starke Mäander

382 725 3566 147 beobachtet, nirgends gebrannt. Felder nicht so reichlich wie erwartet, beim Akiden

352 844 3602 228 sogar ziemliches Pori u. kaum ein Plätzchen für's Zelt. Der ganze Bezirk

364 1079 3459 164 kommt mir nach Lindi unordentlich vor. Essen nicht zu haben, hätte ich

352 1165 3558 183 nicht selber mitgenommen, müßten die Träger hungern. Gestern hatte ich

368 1281 3579 229 einen indischen Händler für meine Zwecke engagieren wollen, aber

392 1453 1833 223 auch er bekommt dies Jahr nichts.

534 1607 3370 161 Nachm. auf d. rechte Steilufer des Mavudyi unmittelbar nach seinem

412 1750 3437 218 Austritt aus der Schlucht, von der leider nicht der geringste Anblick zu

433 1887 3407 182 gewinnen war, so daß ich selbst über ihre Breite im Unklaren bin.

422 2046 3429 227 Profil leider eintöniger als erwartet, mit deutlicher 70 m.-Terrasse.

418 2152 3380 255 Oben flachkuppige Höhe mit Sandboden u. lichtem Wald, gebrannt. Durch schwache

405 2347 3539 209 Lücke erkennbar, daß jenseitiges Ufer bedeutend höher. Demnach wohl, wie

409 2475 3406 188 erwartet, hier in einer Eintiefung des Plateaurandes, die gestern auf

435 2628 3566 196 d. Marsche an einer Stelle deutlich sichtbar war und nichts andres bedeuten

404 2779 1574 178 kann, als einen alten Talboden:

2730 2835 494 200 jetzige Schlucht.

612 2954 3202 226 Konnte durchaus keine vernünftige Auskunft über den Weg nach

432 3081 3487 182 Machemba wenig oberhalb in d. Bergen erlangen, vor allem über d.

455 3213 3521 159 Möglichkeit, durch die Schlucht selbst zu kommen. Endlich schickten 2 vor„

437 3355 3469 169 ausgesandte Praeparatoren Nachricht, daß ihr Weg für Träger gänzlich ummög„

444 3480 3522 179 lich sei. Mir blieb nur der von d. Schlucht am weitesten entfernte, der

418 3604 3405 259 freilich über ein wieder mal glänzend gelegtes Lepraheim führte.

441 3772 3420 252 Höhlen gab es vermutlich auf allen Wegen, doch war auch darüber

463 3928 3322 183 nichts rechtes zu erfahren. Kurz d. Hinterland von Kilwa Kissiwani

439 4144 3415 174 eigentlich unzugänglich. Der Akide ein Neffe des einst hier bekriegten

474 4215 3508 201 u. in Ruawa gefangenen, dann gehangenen Räuber-Myao's. Kein

429 4400 2592 215 Wunder, daß er mir unzuverlässig vorkam!
