4260 5213
238 212 186 169 18

561 299 3413 228 2 Sept. Morgens in d. Steppe bei Naluë, dann in weitem Bogen nördlich

345 523 3560 156 v. Kiwala bis zum Graben, 2x auf Riedböcke unter freilich ungünstigen

393 611 3530 179 Umständen u. ohne Erfolg geschossen, sonst erstaunlicherweise nichts zu sehen.

387 726 3510 267 Immerhin ein Trost, daß man nun wirklich endlich durch's Pori

386 913 3553 198 streifen kann, wenn man auch hier u. da gehörig zu kämpfen

407 991 3513 257 hat. Photographiert. Poscho-Zahlung. Ein Trupp Wangoni ent„

397 1137 2875 214 lassen. Unmittelbar am Zelte nachm. 4 Perlhühner geschossen.

530 1209 3386 245 Sonntag d. 3. Sept. Vorm. etwas aquarelliert. Gedicht vorgenommen, aber

438 1397 3403 236 hier wird merkwürdigerweise nicht viel. Immerhin hat Makangaga

440 1495 3411 265 jetzt an Aufsätzen in einem Monat so viel geliefert, wie Tendaguru

438 1606 2972 263 in 2 Jahren u. auch sonst noch einiges. 13 Lasten nach Kilwa.

513 1778 3341 170 Nachm. In d. Steppe östlich vom Linganla abgesucht, wo gestern gutes

442 1904 2376 233 Feuer durchgegangen. Absolut nichts zu sehen.

644 2068 3223 191 4. Sept. Morgens im Walde gegen Muazi u. links des Nami-

462 2204 3413 164 tambo gegen Naiwanga gesucht, nicht das geringste gesehen. Das

447 2371 3437 140 Wild muß sich verzogen haben, es gab sonst immer einiges

445 2482 3468 242 mindestens zu sehen. Am Graben. Erfahre, daß Telegramm doch

462 2623 3411 233 noch am 1. Sept. abgegangen, hoffentlich noch zur Zeit, um eigenes

438 2787 3447 190 Geld zu erhalten. Nichts zu lesen, meine Zeit wird doch etwas

424 2892 3434 176 vergeudet, auch d. tägl. Jagdausflüge entspringen keiner Leiden„

429 3037 3458 258 schaft, sondern d. Wunsche, den Leuten Fleisch zu verschaffen (sie

462 3209 3529 217 haben hier nichts als Mtama u. zuweilen Reis, beides sehr teuer)

473 3366 3516 212 sowie mir Bewegung u. Beschäftigung zu machen u. das Gebirt

449 3514 1050 221 kennen zu lernen.

634 3570 3377 326 5. Sept. Nicht zum Graben um endlich wirklich Fleisch zu schießen, ging mit 3 Mann

484 3733 3535 233 in d. schönen lichten Wald von Ndalakasha, um kleinere Beute gleich mitnehmen

496 3848 3396 331 zu können. Erstaunlicherweise trotz vielen Streifens auch hier zum

491 4008 3478 217 erstenmal garnichts gesehen; auf Perlhühner einmal trotz zu großer

492 4136 3457 225 Entfernung u. natürlich erfolgllos geschossen ein mbango, das man

501 4299 3297 204 mir zeigte, leider erst gesehen, als es floh. Es wirkt allmählich

500 4419 3456 232 niederdrückend. Sollten die Tiere des Ramazan wegen fasten?

630 4603 943 239 8 Lasten nach Kilwa
