4260 5213
286 216 196 231 28

455 563 3291 203 Träger bekommen, all meine Boten bezahle ich umsonst,

435 756 3398 175 andre muß ich täglich weit entsenden, um — sie selbst mit

407 845 3322 252 Essen zu versorgen, wovon d. Expedition auch nichts hat,

457 1041 3583 213 statt Gummi müssen wir schon lange wilden Gummi brauchen

415 1181 3389 165 u. heut verbummelt die Usagara wieder mal den

425 1330 3500 204 Stoff zum Bekleben brüchiger Knochen. Da soll Einer vom

426 1494 3477 194 Fleck kommen. Und dabei sitze ich hier so untätig!

412 1640 3208 194 Ich werde ungeduldig und kann mich auf d. Tag der

434 1756 1358 217 Abreise ehrlich freuen.

669 1897 3222 170 15. Sept. Früh aufgestanden, um nochmals mein Glück mit Gnus zu ver„

487 2052 3492 165 suchen. Rings um Ndalakasha gejagt, aber nur eine kleine Barappiherde

475 2131 3411 235 auf d. Weg dorthin aufgejagt in hohem Gras u. Bambus. Ich hoffte sie, wie

455 2293 3504 186 ich's vom Tendaguru her gewöhnt bin, nach einiger Verfolgung wieder

485 2438 3368 177 zu treffen, ging aber wohl 1½ Std. weit hinterher, ohne daß sie nur

502 2519 3328 198 einen Augenblick stillgestanden wären. Sonst absolut nichts in

507 2647 3460 259 freiestem, schönstem Walde, ich würde meinen, die Erzählungen

504 2815 3504 195 der Schwarzen vom hiesigen Wildreichtum sind übertrieben, aber

504 2976 3420 141 immer u. immer wieder sehen sie an Stellen etwas, wo

497 3088 3482 169 ich den Tag grade nicht bin u. am andern umsonst vorbeikomme.

593 3176 3198 213 Der Graben wird immer noch nicht leer, u. Träger kommen

513 3292 2317 217 nicht, ich schicke wieder nach 2 Seiten aus.

691 3453 3101 208 Bruno's Geburtstag mit einer Fl. Wein „gefeiert“ kann ich

555 3536 3430 242 kaum sagen, da ich ohne groß Bedürfnis danach fast täglich derlei

548 3727 3402 160 Alkoholika abends trinke, erstens um damit zu räumen, dann

546 3883 3385 141 aber hauptsächlich, weil mein Soda nahezu verbraucht ist u. ich

548 3970 3474 172 nicht berechnen kann, wann ich fortkomme. Muß heut nochmals

560 4104 902 234 neues bestellen.

723 4241 3141 195 16. Sept. Morgens wieder kl. Umweg zum Graben, dann aber sah

648 4351 3159 237 ich weit vor mir ein Hartebeest u. schlich mich in bewachsener

636 4497 3301 241 Senke näher. Schon ging aber das Schnauben los, es hatte Wind
