4260 5213
324 221 220 218 60

308 569 3658 153 die große Bitte um feste Lebensstellung, dann will ich schon für's

375 735 3578 213 übrige sorgen. Ich weiß freilich nicht, woher es die nehmen sollte,

388 837 3414 248 ich sehe zunächst in's leere Nichts und keine Möglichkeit aus

433 996 3306 180 dem Nichts Etwas zu schaffen, außer in 8 und 10 Jahren.

396 1182 3473 190 Nein solange kann ich nicht warten, mein Lebensplan

461 1318 3342 167 wäre damit durchlöchert. 10 Jahre habe ich es getragen und

478 1502 3216 175 gern getragen. Länger zu warten, wäre Versündigung an

450 1575 3366 214 natürlicher Pflicht. Organe, die nicht zur Ausübung gelangen,

465 1748 3582 198 müssen verkümmern. Giebt mir unsere wirtschaftliche Gesellschafts„

497 1865 3416 266 lage nicht die Möglichkeit zu regulärer Ausübung, so muß

497 2009 3392 264 es „natürliche“ sein. Das bin ich mir schuldig. Ich habe mich

502 2177 3310 209 auch drüben noch frei gehalten, von jetzt ab täte ich es nicht

485 2337 3384 208 mehr. Befriedigen freilich kann mich, darüber bin ich nicht

501 2461 3428 202 im Zweifel, lediglich ein wahrer Herzens- u. Geistesbund,

494 2605 3509 189 und zwar nur noch jetzt. Ich wünsche mir ein frisches, junges

487 2780 3469 168 Weib, der Altersunterschied darf aber nicht zu groß sein, es

516 2893 3392 245 ist nun bald der letzte Termin. Und ich sehe und sehe keine

485 3034 3297 163 Hoffnung. Ein schönes Arbeitsgebiet ist mir als seltene Gabe

508 3235 3496 181 in d. Schoß gefallen, aber selbst bei bester Ausnutzung kann

529 3349 3397 211 ich Früchte erst nach vielen Jahren ernten. Das ist das erste

502 3521 3217 148 Hindernis für meine Träume vom kommenden Jahr:

738 3613 3194 200 Habilitation - Verlobung - Herauskommen des Jesus.

456 3817 3283 208 Na wir wollen uns in einem Jahre wiedersprechen!
