4260 5213
3626 284 209 155 45

304 534 3535 283 gern wanderte ich durch Dörfer und kleine Städte langsam durch das

293 777 3518 184 Land! So sind's nur die großen Knotenpunkte, die „man“ gesehen

274 921 3644 182 haben muß. Wenn ich nicht aus Opposition dagegen sie liegen

322 1061 3554 174 lasse, so geschieht's, weil sie eben wirklich auch ziehen. Aber

286 1167 3635 235 Reisekunst kommt hier nicht zur Entfaltung. Mir fehlt leider

301 1290 3454 255 auch die Sprache sehr. Geriet in ein kleines vornehmes, aber

302 1485 3208 205 intimes Hotel (französisch). Es war bereits ganz dunkel.

489 1648 3139 180 24. Oct. Am Arno gebummelt, über die eigenartig mit

330 1719 3499 263 Häusern besetzte Brücke (als wenn in Italien kein Platz wäre!)

303 1867 3489 232 Dann Palazzo vecchio und Uffizien, nachher Kirchen, Straßen,

355 2063 3503 210 abends jenseitiges Ufer mit Lionardo da Vinci-Platz. Auch hier

337 2225 3348 194 eine sinnverwirrende Fülle von Eindrücken, mich freut es

315 2291 3521 266 recht, daß ich mich noch so empfänglich dafür finde. Auch

320 2492 3489 231 die Lage der Stadt im Tale, von oben recht gut zu übersehen,

352 2614 2957 210 ist reizvoll, der Abend war schön nach trübem Tag.

477 2727 3530 218 Die Kirchen gefielen mir nicht sonderlich in ihrem bunten lustigen

352 2874 3339 212 Putz, nur der Glockenturm des Domes schien mir in der

356 2979 3680 245 Wirkung einheitlicher. Im Innern der Kirchen bei diesem Wetter

372 3109 3354 181 so gut wie nichts zu sehen. Unendlich köstlich die gegossenen

425 3212 3608 246 Türreliefs der Basilika. Auch mit dem Pallazzo vecchio mußte

401 3386 3371 187 ich mich erst anfreunden, er redet eine so ganz fremde

353 3518 3598 250 Sprache, aber es gelang mir bei ihm, vor allem mit Hilfe

348 3695 3453 229 seiner Innenhöfe. Kostbare Kunstdenkmäler stehen hier im

333 3799 3585 189 Freien auf dem Platz, in unserm Klima wäre es Ver„

377 3965 3344 172 brechen. Den Besuch der Uffizien möchte ich ungern in

366 4138 3466 178 meiner Erinnerung missen, auch die Kunst am Werke

339 4275 3585 151 verschaffte mir hier einen tiefen Eindruck. Daß eine Schar

313 4408 3685 214 junger Engländerinnen in so heiligem Tempel einen Teil
