4260 5213
3772 229 126 197 9

280 572 3624 226 durch den freien Libiti-Wald, an der Plateaugrenze freilich wieder Busch.

287 722 3556 166 Aber es ist doch auch ein Erlebnis, dies Gewirr von plumpen dunklen, dann

302 877 3534 192 wieder hellgrünen  scheinbar beweglichen Schlangen, die da all

335 1002 3603 211 ihre Leiber verstricken, und durch alles verstreut grelle Sonnen„

333 1166 3579 221 lichter zwischen düstern Schatten. Frische Barappi-Spuren zahlreich, folgte

338 1355 3575 177 lange, ohne etwas zu sehen. Die Träger begegneten natürlich nach mir der

340 1453 3597 186 Herde unmittelbar am Wege. Durch abgebranntes, aber noch fast undurch„

368 1620 3462 196 dringliches Gras zu einer Gesteins-Fundstelle, der Kalk tritt wieder in

365 1730 3634 237 großen weißen (nicht gefärbt oder wieder entfärbt?) Felsblöcken stellen„

367 1883 3566 202 weise aus d. Sande; Bornh. hat in d. Nähe Nerineen gesehen, wohl iden„

344 2052 3552 182 tisch m. d. Schnecken d. Korallenriffs, die als Liegendes (!) auch in Ma-

373 2197 3562 226 chemba gefunden wurden u. in großen zahlreichen, aber nicht sehr guten

358 2306 3620 233 Exemplaren auch am Kihendze unter einer Steilwand anstehen, wo ich

368 2467 3655 251 sie freilich nicht selbst gesehen habe (bei Jumbe Ntopa) Ein flüchtiger Blick

388 2609 3389 223 durch die Baumkronen schien mir auf eine riesige Talmulde zu

372 2763 3620 162 deuten, deren Ostrand d. Kiturika ist, in deren Tiefstes die Kiguruka-

367 2927 3444 210 Barrabarra u. auf deren Westrand d. Songea-Str. verlaufen

380 3058 3467 171 dürfte. Hier also die Plateauhöhe in unmittelbarer Beziehung zur

393 3205 3557 168 Talsohle, im S nur durch Terrassen. In d. Gräben inzwischen nichts

370 3355 384 177 Neues.

419 3520 3565 206 5. Aug. Brennen, brennen, brennen, daß wir uns endlich bewegen

327 3671 3660 190 u. umsehen können! Aber alles vergeblich, selbst heut bei klarem Mittag

339 3779 2314 237 u. kräftigem Wind! Es ist zum Verzweifeln.

437 3936 3472 229 Sonntag d. 6.VIII. Briefe. Mittags gleiche Witterung wie gestern, heut

423 4078 2726 273 brannte es. Das Gras hat Launen. Kimuëra-Studien

541 4226 3344 226 7. Aug. Schickte Wangoni, für die hier keine Arbeit, nach Mchuya u. Ruawa,

365 4429 3593 162 um Reis u. Mtama zu holen. Hier lohnt's selbst bei diesen Entfernungen.

374 4525 3503 221 Vorm. mit d. Praeparatoren westlich am Dalakasha vorbei vorgedrungen.
