4260 5213
3684 203 194 171 51

293 317 913 282 November 1911

745 551 3132 255 1.) Nachm. in Friedenau bei Richard. Bruno mittags begrüßt,

518 723 3323 152 der meine Ankunft nicht erfahren hatte. Vor 14 Tagen ist er aus„

468 837 3411 177 gezogen, wie er kurz nach meiner Abreise nach Haus zurückge„

480 915 3493 248 kehrt war. Wir lösen einander also sehr glücklich ab. Er ist jetzt

484 1076 3223 235 Oberlehrer u. hat damit eine sichere Stellung, wie sie

487 1220 1775 215 Richard und ich noch suchen.

728 1327 1845 241 2.) Vorm. bei Branca, im Institut.

726 1457 3182 262 3.) Besuche. Das Kultusministerium stellt 50000 M. in den

480 1618 3524 228 Etat für Tendag.-Exp. ein, daraufhin viel Beratung mit Branca,

529 1764 2993 157 25000 M. vor zwei Monaten wäre mehr gewesen!

1429 1882 2019 103 Ich soll, ein populäres Buch über d. Exped. schreiben.

615 1945 3145 151 Abend: Geselliger Tee im Frauen-Rote Kreuz-Verein. Unter

490 1978 3472 214 andern Vorträgen singt Erna. Klar und schön. Freue mich dieser

494 2124 2028 213 ihrer Gabe und daß sie sie verwertet.

777 2261 2506 224 4.) Abd. Geograph. Gesellschaft: Wegner über China.

693 2389 3168 258 Sonntag d. 5) Bei Seidenspinners, blieb zum Mittag u. Schach.

545 2573 272 160 dort.

749 2667 3237 204 7.) Nachm. bei Anton Heyroth in Lichterfelde, er kam erst gegen

567 2816 3337 223 abend, ich erwartete ihn bei seinem jungen Weibe (wann bin

568 2935 1594 239 ich so weit) u. ihrer Freundin.

726 3091 3067 197 8.) Abends Zeltertafel. Richard spricht zum Gedächtnis des

513 3210 1884 227 100. Geburtstags von „Integer vitae“

845 3281 2959 291 Nachher Beide im A. N. M. V. Kennen keinen Aktiven

540 3480 3415 209 mehr. Wurde mit Dr. Aron, der aus d. Philippinen zurück ist,

552 3582 2716 244 zusammen begrüßt. Präsidium der Fidelitas.

716 3827 3028 166 11.) Zum Tuisko, doch ist d. Ehemaligen vom Direktor der

556 3918 2271 184 Besuch untersagt, ging daher bald wieder

524 4084 3424 243 Sonntag d. 12.) Abends Gesellschaft bei uns zur Feier meiner

601 4246 3159 162 Rückkehr u. Bruno's Anstellung: Herr u. Fr. Lorenz mit Sohn Edwin,

558 4413 3446 222 Gertrud v. Sydow, Tanten Hedwig, Wiebcke, Liesbeth und Lucie mit Mann,

581 4571 3220 202 Tischreden von Bruno, Richard, Lorenz u. mir. (nicht geläufig genug!)
