4260 5213
302 193 229 236 50

282 558 3694 241 gewechselt, gegen 5 weiter nach Stuttgart: Jetzt war es natürlich

315 717 3582 254 klar geworden, vom Zuge aus sah ich über der Stadt noch einmal

285 824 3667 306 schwach die Alpen leuchten. Vorbei! In Singen wurde es schon

370 1013 3432 174 wieder dunkel, so daß ich leider von Württemberg nichts sah.

345 1149 3450 203 An keiner von allen Grenzen brauchte ich d. Gepäck zu öffnen.

380 1304 2347 251 Nach 9½ Uhr in Stuttgart, Logis im „Bärlamm“.

2214 1404 108 52 Dier

612 1419 3365 274 31 Oct. Morgens in's Naturalienkabinett zu Prof. Fraas, der mich

403 1581 3443 195 liebenswürdig empfing u. herumführte, aber offenbar viel zu

417 1709 3570 182 tun hatte. Die Sammlungsäle wurden umgebaut, also leider kein

392 1842 3374 192 lohnender Aufenthalt. Daher noch schnell ein Blick in die

437 1982 3497 175 Stadt, dann weiter nach Würzburg, um die Fahrt bei Tage zu

458 2109 3498 228 haben. Dort Mittagessen, Stadt besichtigt. Leider schon wieder

411 2211 3460 192 viel Regen, sodaß ich wieder in ein Lokal flüchten mußte.

471 2408 3575 163 Vor 1 Uhr nachts ging mein Zug nicht, ein Nachtquartier mehr

454 2501 3437 152 wollte ich vermeiden, also mußte von 4-1 die Zeit ver„

415 2586 3612 233 bracht werden. Ging abends in ein Streichquartett-Konzert

451 2731 3547 213 und gelangte so zu einem seltenen Genuß. Die Akustik des

437 2889 3492 228 Saals so rein, daß die Instrumente wie Orgeln klangen u.

404 2978 3488 256 nichts von dem sonstigen Kratzen, das mich so leicht stört.

514 3116 3357 310 Nachher im Kafe. Abfahrt 1 Uhr morgens in sehr über„

471 3289 3490 255 fülltem Zuge, daher wenig geschlafen, unangenehmer Auf„

438 3484 509 232 enthalt.

698 3595 3377 253 1. Nov. 11: Um 9 Uhr Ankunft in Berlin am Anhalter

461 3750 3553 275 Bahnhof. Mama, Erna, Richard, Herr Lorenz und Stremme

493 3964 3366 173 begrüßten mich. Wie bin ich dankbar, unendlich dankbar

513 4087 3488 238 für dieses Wiedersehen! Es hätte vieles so ganz anders sein

505 4278 535 162 können.

575 4397 3419 178 Die schöne u. wichtige Epoche ist nun — eine Epoche gewesen!
