4260 5213
3674 241 231 211 11

320 376 3326 284 Versuche zu Darstellungen der Geländeformen Kilwa-Lindi in

287 571 3560 235 Blockdiagrammen. Komme über die Vorgeschichte noch immer nicht

310 703 834 224 ganz in's Klare.

464 831 3407 267 14. Aug. Dicht hinter Kiwala wurde mir eine neue Knochenstelle gezeigt,

322 1007 3725 172 zwar alles schlecht, aber reichlich u. möglichenfalls in d. Hügel mehr. Setzte Gräben

318 1114 2420 233 an. Aufsatz üb. Namengebung in Deutsch-Ostafrika.

478 1256 3362 235 15. Morgens auf Riedböcke gegangen. Ein Pärchen sprang auf u. blieb

346 1419 3532 215 auf weiter ziemlich freier Fläche stehen. Während ich auf große Entfernung an„

363 1534 3629 174 legte, zog ein Wolkenschatten vorüber, in dem ich d. Tiere verlor, ohne dann

358 1680 3679 229 auch nur d. Geringste von ihnen wieder zu sehen. Ging dem Feuer

369 1836 3615 220 nach. Interessanterweise war es am Rande von Steppe u. hochstämmi„

375 1991 3674 163 gem Walde erloschen, der seinerseits durch die ausbeißende Korallen„

387 2110 3555 205 kalkschicht bedingt wurde, denn darauf lagern Sande, auf denen

379 2227 3588 276 sich nur Pflanzen mit tiefgreifenden Wurzeln halten können. Ging

409 2465 3529 162 noch weiter in d. Wald, sah Hartebeester u. schoß. Das Tier ging leider

401 2572 3441 216 schwer weidwund auf große Entfernung ab. Es war mehrfach gefallen,

389 2658 3574 266 zweimal trafen wir es noch, dann waren die Spuren im Grase

423 2876 3490 195 endgiltig verloren, Blut kaum zu sehen, es ist gräßlich. Auf dem

416 3007 3569 209 Rückweg ein prächtiger Anblick: kahl gebrannte Fläche mit frischem Rasen

416 3100 3486 212 bedeckt, darauf 2 sich frei bewegende äsende Hartebeester. Unser

401 3298 3491 191 Getreide war nahezu erschöpft, ich mußte den Leuten etwas

435 3396 3518 176 schießen u. schlich mich an den Bock, während das weit fortstehende

385 3560 3606 182 Weibchen mich scharf beäugte u. jeden Augenblick den Warnungs„

388 3674 3629 201 ruf ausstoßen konnte. Nun sah ich plötzlich eine ganze Herde, darunter

399 3817 3468 190 ein mächtiges schönes Gnu, das ich gern gehabt hätte; aber alle

405 3965 3630 178 beobachteten mich unruhig, so ließ ich mich denn nicht ablenken

385 4082 3468 189 u. erlegte auf beträchtliche Entfernung glücklich meine Beute.

590 4244 3352 202 Hatte mehrere Leute nach Kilwa geschickt, um uns auf alle Fälle mit

362 4402 3421 230 dem dortigen, sehr teuren Getreide zu versorgen, sowie 3 Mann nach
