4260 5213
3712 193 229 209 23

305 231 3490 254 wieder Lektüre zu haben! Leider scheinen d. Beziehungen zwischen

329 457 3592 203 Deutschland u. Frankreich wieder einmal bedenklich. Das kann u.

309 608 3523 116 wird zwar vorübergehen, aber ebensogut könnten wir in 2-3

328 751 3704 214 Wochen in namenlosem Elend sitzen. Bruno ist zurzeit zu Übungen

303 881 3588 191 eingezogen u. steht von uns zunächst auf d. ehrenvollen Posten.

586 1011 3463 215 9. Sept. Wieder wohl u. zum Graben; leider geht d. Abheben

370 1144 3564 178 langsamer von statten als ich gehofft hat, so daß ich kaum noch

366 1321 3441 220 in die Matumbi-Berge kommen werde. Durch Pori zurück.

430 1453 3441 171 Sah heut 2 Buschböcke, je ein ngorombwe u. Puduka, ohne in d. Busch

366 1563 3643 274 irgendwie zu Schuß zu kommen. Regelmäßig sehe ich Perlhühner, wenn

386 1777 3547 192 ich die Flinte nicht mitnehme, so daß ich sie mit einem Stein

404 1847 1947 270 werfen könnte. Poscho.

446 2052 3440 196 Sonntag d. 10. Sept. In den Wald v. Ndalakasha, wo mir

377 2231 3527 221 d. Jagdaussichten immer noch die besten schienen. Sah auch sehr

387 2357 3619 274 viel: 1 Riedbock, mehrere Schopfantilopen, 2 zusammen fliehende

384 2546 3657 201 Herden von Hartebeest u. Barappi, Perlhühner u. verfolgte einen

427 2712 3610 212 freilich nicht selbst gesehenen Buschbock (hier außerordentlich versteckt

368 2827 3569 175 lebend im Gegensatz zum Tendaguru) Auf d. Riedbock hätte ich viel„

364 3023 3596 213 leicht schießen können, aber er stand sehr weit u. ich mag nicht

365 3161 3413 220 mehr blos waidwund schießen. Außerdem ist die Steppe so

370 3293 3550 230 frei u. fast ganz gebrannt, daß man sich immer wieder

338 3482 3394 227 sagt, man muß ja das Tier, auch wenn es zunächst abgeht,

324 3548 3724 297 wiederfinden können. Aber sie verschwinden wie im Erdboden,

355 3793 3685 192 u. Spuren giebt's nicht. Die beiden Herden sprangen verdeckt

347 3911 3582 239 unter dem Winde auf, dennoch war ich nun meiner Beute

324 4121 3642 215 schon sicher, denn es war noch früh. Ich ging nach der andern

325 4238 3624 266 Seite herum, natürlich sprang zugleich der Wind u. sie gin„

402 4430 3499 308 gen wieder ab. Nach vielem Suchen in der Unendlichkeit sah ich
