4260 5213
3660 197 192 172 49

279 548 3779 258 Sonntag d. 29. Oct. Wollte mit Dampfer u. Bahn zum Lago Maggiore, wohin

360 724 3610 204 am Sonntag billige Preise. Aber es war schon wieder aus mit dem

371 912 3359 192 schönen Wetter. Die Zeit ist um, es hilft nichts. Eine drohende

365 1024 3597 181 Wolkenbank zog herauf, nur nicht noch einen Regentag im Zim„

420 1189 3532 213 mer. Aus Flüelen war gutes Wetter gemeldet, also schnell ent„

394 1322 3541 216 schlossen über die Wasserscheide. Fahrt mit der Gotthardbahn, zum

429 1421 3526 250 ersten Mal durch den Tunnel: von dem Wunderwerk merkt

427 1626 3526 135 man garnichts. Von Airolo ab wieder in bekanntem von Gösche-

418 1710 3493 196 nen in verwandtem Gebiet. Heimat! Sehr schöne Blicke von der

444 1854 1656 238 Fahrt. Oben überall Neuschnee.

572 2019 3341 152 In Flüelen nicht mit Dampfer weiter gefahren, um den Tag zu nutzen.

449 2114 3442 175 Auf Hotelveranda in der Sonne gefrühstückt. Nachm. zu Fuß zur Tells„

426 2215 3340 230 Kapelle auf der einzigen Axenstraße. Es begann schon wieder

426 2389 3606 221 Regen. Mit Dampfer zurück. Was nun mit dem langen Abend?

481 2493 3383 179 Meine Wirtsleute fuhren nach Altdorf zum Theater, ich natürlich

456 2679 3493 174 mit (elektr. Bahn) Ein kleines Lustspiel von Altdörfler'n gespielt und

464 2761 3326 242 etwas Musik. Nicht bedeutend, aber doch eine Unterhaltung, die

490 2897 2407 204 man gelten lassen kann. Starker Regen.

788 3022 3017 234 30. Oct. Ganz früh noch im Dunkeln (6 Uhr) mit Dampfer

506 3174 3332 194 über den ganzen See, an Luzern 9 Uhr. Vor Brunnen schon

547 3294 3097 191 wurde es hell. Aber in nicht großer Höhe lagerte eine

546 3416 3405 198 dichte Wolkenschicht und schnitt alle Spitzen ab. Dennoch ein

507 3595 3429 188 liebes Wiedersehen. Allerdings recht kalt, mußte häufig in

522 3651 3453 205 die Kajüte gehen. In Luzern Anschluß, Fahrt nach  Zürich.

509 3812 3443 169 Wollte das mir früher gerühmte naturhistor. Museum besuchen.

480 3936 3271 208 Als ich es endlich fand, war es wegen Umbau geschlossen.

568 4071 3362 248 Mittagessen, Stadt besichtigt. Sehr hübscher Bau des Landesmu„

448 4257 3521 210 seums. In d. Parkanlagen dabei mir Herr, der die ihm zutraulich

465 4351 3442 264 zufliegenden Vögel fütterte. Im Kafé Zeitungen gelesen, Geld
