4260 5213
281 222 223 176 10

393 369 3529 256 Viel herausgebrannt, aber immer nur in kleinen Inseln. Überall der

379 568 3551 159 Korallenkalk auflagernd, z. T. in großen, auch senkrecht stehenden Platten

384 701 3542 207 oder Blöcken. 1 fossiles Holz im Liegenden, sonst keine Bachrisse od. Auf„

407 840 3402 226 schlüsse. Zuletzt in ein größeres Feuer, wo schon wieder junges Gras

391 952 3512 269 sproßte. Hier erst ein Ngose-Pärchen, dessen Bock ich erlegte, nachher

394 1114 3516 267 eine ganze Herde meist aus jungen Tieren, so daß ich nicht schoß

401 1250 3507 233 zum Ärger d. Schwarzen. Gleichzeitig 2 mbango's vor mir, 2 mal

428 1429 2162 221 gefehlt, was jene Herde kaum irritierte.

674 1575 3262 158 8. Aug. Es regnet schon wieder ziemlich kräftig! Briefe, aber das Gras„

448 1738 3482 223 dach hält nicht dicht bei dem Guß! Neue Gräben bei Kiwala begonnen,

493 1858 3197 180 wo 2 Knochenstellen neuerdings. Ein Warzenschwein geschossen.

668 2023 3358 229 9. Aug. Fand am Wege zu d. Gräben dicht beim Lager frische Spuren,

504 2191 3543 211 ließ Ali m. Gewehr nachkommen u. erlegte nach langem Suchen

512 2289 3244 249 ganz in d. Nähe wieder ein ngose, leider schon das 2te

519 2468 3257 210 trächtige Weibchen, aber ein Unterscheiden ist im Pori bei

485 2585 3429 254 diesen Antilopen völlig ausgeschlossen. Bei den neuen Gräben

511 2761 1170 202 ein brauchbares Femur.

629 2856 3275 223 10 Aug. Hatte gestern geglaubt endlich die richtige Stelle gefaßt zu

523 3030 1689 237 haben, aber nichts weiter darin.

613 3183 3332 171 11. Aug. Nach Muazi auf Jagd, aber nichts gesehen, d. Gras bleibt unverän„

485 3328 3468 171 dert grün. Etwas Knochenschicht durch Namitambo freigelegt. Arbeit an

484 3461 1825 253 3 Stellen am Wege nach Naiwanga.

599 3650 3306 150 12. Aug. Folgte morgens Perlhühnern nach O über den Linganla, auf

454 3824 3244 178 dessen rechtem Ufer schöne hüglige Grassteppe. Wenn man nur

462 3903 3362 241 brennen könnte! Über den Fluß zurück, nur durch Elephantenwege

473 4084 1075 228 überhaupt möglich.

584 4178 3363 246 Sonntag d. 13. Aug. Alle Tage bedeckt, an Brennen nicht zu denken!

465 4388 3538 173 Vorm. Perlhühner in d. Nähe geschossen, es leben zahllose starke Völker hier.
