5239 8029
2298 125 139 101 369.

1635 268 98 84 12.

1306 304 1180 160 Am Schluß der Sizung werden noch die Kom̄iſ_

1299 395 1098 161 ſionen für die Viſitation der Jnſtitute

1297 496 1037 162 gewählt, und zwar für die Viſitation

1372 569 1104 157 der Bibliothek die Profeſſoren Schrader u.

1425 691 187 98 Tafel.

1401 742 866 146 Münz- u. Antiquitäten-Cabinet

1667 821 583 125 Prof. F. v. Gmelin.

1436 943 992 157 Anatomie: auſſer dem von Amts wegen

1390 1004 1070 156 anweſenden Decan der medic. Facultät:

1552 1097 770 148 Autenrieth und Hugo Mohl.

1435 1251 453 134 Modellſam̄lung.

1586 1336 579 131 Prof. Nörrenberg.

1680 1492 91 94 13.

1349 1555 1092 179 Noch bringt Prof. Mohl die Art zur Sprache,

1305 1645 1141 169 wie zu Anfang gegenwärtigen Semeſters

1298 1740 1168 188 zu einer Vorleſung von Seite eines acade_

1302 1840 1194 159 miſchen Lehrers aufgefordert worden ſey,

1283 1945 1172 175 welcher eine gedrukte Einladung zu der_

1294 2037 1157 174 ſelben den Studirenden in's Haus ge_

1292 2143 1114 184 ſchikt habe, mit dem Antrage: daß

1293 2225 1176 176 von Seite des academiſchen Senats das

1286 2342 1158 169 Unpaſſende dieſer Erſcheinung ausge_

1288 2474 649 161 ſprochen werden möge.

1354 2531 1071 185 Prof. Michaelis bemerkt, daß dieſe

1292 2661 1208 178 Äuſſerung ihn treffe, indem er eine An_

1269 2745 1223 200 zahl von Exemplaren derjenigen Schrift,

1274 2869 1197 189 welche er als Einladung zu ſeiner Vor_

1280 2963 1203 171 leſung über  deutſche Staats- und

1295 3085 1128 163 Rechtsgeſchichte, habe austheilen laſſen,

1279 3205 1208 166 welche Schrift übrigens mit Vorwiſſen

1293 3303 1165 188 der juridiſchen Facultät gedrukt

1288 3441 389 116 worden ſey.

1379 3480 1061 165 Mehrere anweſende Mitglieder

1295 3587 1111 150 dieſer Facultät erin̄ern, daß für

1305 3661 1111 172 eine ſolche Verbreitung zum Zwek
