5239 8029
113 205 471 109 H. Prof. Tafel.

353 294 894 131 Rapp, (wegen eines anatomiſchen

536 400 363 105 Geſchäftes.)

306 540 361 103 Widenmann,

197 633 752 123 Univerſitätsraths Haas

981 538 215 74 bei der

962 620 299 75 Ständever_

996 674 228 99 ſam̄lung.

174 792 667 124 Secr. Conz, (unwohl.)

1317 198 1167 118 machte der Senat ſich den Antrag des Ref.

1320 300 1109 130 zu eigen, daß jener Vo die Berathung

1310 374 1190 112 über die in Vorſchlag zu bringenden Männer

1307 449 1185 134 vorerſt ausgeſetzt, und namentlich eine Beru_

1305 552 1182 122 fung des H. Cäſars, welche von dem Facul

1298 628 1187 113 tätsgutachten in Antrag gebracht war, nicht

1304 725 469 102 ſchon eingeleitet.

1781 691 160 74 werde

1834 693 614 121 Mittheilungen des J.

1300 803 1180 116 Steudel gaben Veranlaſſung, die Predici

1309 862 1141 149 rung des H. Couchard zu modificiren

1662 1143 87 81 2.

1339 1224 1158 134 Betreffend die Beſetzung der orientaliſchen

1314 1326 1140 133 Lehrſtelle trägt Referent, D. Steudel

1324 1414 1153 102 darauf an, daß, wenn ein ordentlicher

1320 1483 1162 125 Profeſſor für dieſes Fach ernannt  be_

1328 1543 1175 135 ſtellt werden ſollte, auf die Berufung des

1305 1652 1192 124 Prof. Rückert zurückgegangen werde, daß

1314 1738 119 88 aber

1329 1739 1168 116 auf die von der philoſophiſchen Facultät bean_

1315 1808 1140 142 tragte Berufung Profeſſors von Bohlen

1298 1883 1211 142 nicht eingegangen, endlich, daß wenn Rückert

1308 1974 1193 129 und Bohlen nicht berufen werden ſollten,

1337 2069 72 61 von

1302 2082 1206 123 dem Senat auf zureichende Unterſtützung

1301 2152 1169 123 des Privatdocenten D. Wolf, Repetenten

1321 2253 1160 111 Welte und Candidaten Öhler zum Behuf

1321 2353 1171 102 weiterer Vorbereitung für die orien_

1321 2423 1166 119 taliſche Lehrſtelle angetragen werde.

1318 2522 1104 118 Der Senat beſchließt zuvörderſt die

1306 2600 1177 141 Erklärung, daß die Aufſtellung eines

1329 2679 1124 123 Ordinarius als Lehrers der orienta_

1295 2748 1207 147 liſchen Studen Sprachen als Bedürfniß

1315 2850 1165 144 erſcheine, ſodann, daß vor Allen auf

1327 2926 1132 156 Rückert zurückgegangen werde. Die

1331 3055 1125 107 Bedenklichkeiten des Referenten gegen

1319 3114 1104 139 die Perſon des Prof. von Bohlen in

1315 3214 1178 112 wiſſenſchaftlicher Hinſicht, theilt der

1317 3287 1178 131 Senat nicht und beſchließt daher den

1313 3370 1194 134 Antrag auf von Bohlens Berufung für

1307 3449 1179 124 den Fall der Nichtberufung Rückerts;

1299 3517 1184 147 jedoch ſoll auch im Berichte nicht die Be_

1287 3619 1236 143 merkung ausgedrückt werden, daß vom
