<?xml version="1.0" encoding="UTF-8"?>
<alto xmlns:xsi="http://www.w3.org/2001/XMLSchema-instance"
      xmlns="http://www.loc.gov/standards/alto/ns-v4#"
      xmlns:page="http://schema.primaresearch.org/PAGE/gts/pagecontent/2013-07-15"
      xsi:schemaLocation="http://www.loc.gov/standards/alto/ns-v4# https://www.loc.gov/standards/alto/v4/alto.xsd">
   <Description>
      <MeasurementUnit>pixel</MeasurementUnit>
      <sourceImageInformation>
         <fileName>UAT_047_24_111.jpg</fileName>
      </sourceImageInformation>
      <Processing ID="IdOcr">
         <processingDateTime>2023-05-10T11:20:38.9+02:00</processingDateTime>
         <processingSoftware>
            <softwareCreator>READ COOP</softwareCreator>
            <softwareName>Transkribus</softwareName>
         </processingSoftware>
      </Processing>
   </Description>
   <Layout>
      <Page ID="Page1" PHYSICAL_IMG_NR="1" HEIGHT="8029" WIDTH="5239">
         <TopMargin HEIGHT="0" WIDTH="5239" VPOS="0" HPOS="0"/>
         <LeftMargin HEIGHT="8029" WIDTH="0" VPOS="0" HPOS="0"/>
         <RightMargin HEIGHT="8029" WIDTH="0" VPOS="0" HPOS="5239"/>
         <BottomMargin HEIGHT="0" WIDTH="5239" VPOS="8029" HPOS="0"/>
         <PrintSpace HEIGHT="8029" WIDTH="5239" VPOS="0" HPOS="0">
            <TextBlock ID="r3"
                       HEIGHT="3775"
                       WIDTH="1228"
                       VPOS="100"
                       HPOS="1301"
                       LANG="">
               <Shape>
                  <Polygon POINTS="1301,100 1301,3875 2529,3875 2529,100"/>
               </Shape>
               <TextLine ID="r3l1"
                         BASELINE="2339,141 2364,141 2390,142 2416,143 2442,145 2468,147"
                         HEIGHT="68"
                         WIDTH="148"
                         VPOS="97"
                         HPOS="2330">
                  <String ID="string_r3l1"
                          HEIGHT="68"
                          WIDTH="148"
                          VPOS="97"
                          HPOS="2330"
                          CONTENT="247."/>
               </TextLine>
               <TextLine ID="r3l2"
                         BASELINE="1323,254 1379,252 1435,249 1492,249 1548,248 1605,246 1661,245 1717,245 1774,245 1830,243 1887,243 1943,243 1999,242 2056,242 2112,241 2169,240 2225,239 2281,237 2338,235 2394,233 2451,230"
                         HEIGHT="125"
                         WIDTH="1145"
                         VPOS="172"
                         HPOS="1314">
                  <String ID="string_r3l2"
                          HEIGHT="125"
                          WIDTH="1145"
                          VPOS="172"
                          HPOS="1314"
                          CONTENT="theologiſchen Standpunct aus Bedenklich_"/>
               </TextLine>
               <TextLine ID="r3l3"
                         BASELINE="1331,344 1398,340 1453,339 1507,338 1562,338 1616,338 1671,338 1725,338 1780,338 1834,336 1889,336 1944,336 1998,335 2053,333 2107,332 2162,330 2216,326 2271,323 2325,319 2380,314 2435,308"
                         HEIGHT="122"
                         WIDTH="1107"
                         VPOS="264"
                         HPOS="1335">
                  <String ID="string_r3l3"
                          HEIGHT="122"
                          WIDTH="1107"
                          VPOS="264"
                          HPOS="1335"
                          CONTENT="keit gegen v. Bohlen erhoben werden,"/>
               </TextLine>
               <TextLine ID="line_1624532325993_610"
                         BASELINE="1353,426 1408,428 1464,428 1520,428 1576,429 1632,429 1688,428 1744,428 1800,428 1856,426 1912,425 1967,423 2023,422 2079,420 2135,418 2191,415 2247,413 2268,411"
                         HEIGHT="116"
                         WIDTH="923"
                         VPOS="350"
                         HPOS="1345">
                  <String ID="string_line_1624532325993_610"
                          HEIGHT="116"
                          WIDTH="923"
                          VPOS="350"
                          HPOS="1345"
                          CONTENT="könnte. D. Steudel wird gegen"/>
               </TextLine>
               <TextLine ID="line_1624532332246_615"
                         BASELINE="2270,376 2304,374"
                         HEIGHT="52"
                         WIDTH="37"
                         VPOS="329"
                         HPOS="2267">
                  <String ID="string_line_1624532332246_615"
                          HEIGHT="52"
                          WIDTH="37"
                          VPOS="329"
                          HPOS="2267"
                          CONTENT="v."/>
               </TextLine>
               <TextLine ID="line_1624532325993_609"
                         BASELINE="2268,411 2303,410 2359,406 2415,403 2471,399"
                         HEIGHT="102"
                         WIDTH="210"
                         VPOS="339"
                         HPOS="2268">
                  <String ID="string_line_1624532325993_609"
                          HEIGHT="102"
                          WIDTH="210"
                          VPOS="339"
                          HPOS="2268"
                          CONTENT="Bohlens"/>
               </TextLine>
               <TextLine ID="r3l5"
                         BASELINE="1337,519 1385,518 1439,519 1494,519 1548,519 1603,519 1658,519 1712,519 1767,518 1822,516 1876,515 1931,514 1986,512 2040,510 2095,509 2150,506 2204,503 2259,501 2314,498 2368,495 2423,492 2497,484"
                         HEIGHT="123"
                         WIDTH="1157"
                         VPOS="448"
                         HPOS="1329">
                  <String ID="string_r3l5"
                          HEIGHT="123"
                          WIDTH="1157"
                          VPOS="448"
                          HPOS="1329"
                          CONTENT="Berufung ein Separatvotum beibringen."/>
               </TextLine>
               <TextLine ID="r3l6"
                         BASELINE="1326,631 1395,630 1448,631 1502,633 1556,633 1610,633 1664,633 1717,633 1771,633 1825,633 1879,632 1933,630 1986,629 2040,627 2094,625 2148,623 2202,620 2255,617 2309,614 2363,611 2417,608 2485,603"
                         HEIGHT="105"
                         WIDTH="1161"
                         VPOS="562"
                         HPOS="1317">
                  <String ID="string_r3l6"
                          HEIGHT="105"
                          WIDTH="1161"
                          VPOS="562"
                          HPOS="1317"
                          CONTENT="Wenn weder Bohlen noch Rückert beru_"/>
               </TextLine>
               <TextLine ID="r3l7"
                         BASELINE="1322,707 1356,708 1410,708 1465,708 1520,708 1575,708 1629,707 1684,707 1739,705 1794,705 1848,704 1903,702 1958,701 2013,700 2067,698 2122,696 2177,695 2232,694 2286,692 2341,690 2396,689 2451,687"
                         HEIGHT="87"
                         WIDTH="1145"
                         VPOS="660"
                         HPOS="1314">
                  <String ID="string_r3l7"
                          HEIGHT="87"
                          WIDTH="1145"
                          VPOS="660"
                          HPOS="1314"
                          CONTENT="fen werden ſollten, ſo eignet ſich der"/>
               </TextLine>
               <TextLine ID="r3l8"
                         BASELINE="1322,788 1356,789 1411,790 1467,791 1522,791 1578,791 1633,791 1689,789 1744,789 1800,788 1855,786 1911,785 1966,783 2022,780 2077,779 2133,776 2188,773 2244,771 2299,768 2355,765 2410,762 2466,759"
                         HEIGHT="98"
                         WIDTH="1160"
                         VPOS="717"
                         HPOS="1313">
                  <String ID="string_r3l8"
                          HEIGHT="98"
                          WIDTH="1160"
                          VPOS="717"
                          HPOS="1313"
                          CONTENT="Senat die den im Referat enthaltenen"/>
               </TextLine>
               <TextLine ID="r3l9"
                         BASELINE="1324,881 1391,884 1443,884 1496,882 1549,882 1602,880 1655,879 1708,878 1760,875 1813,874 1866,872 1919,870 1972,868 2025,866 2078,864 2130,863 2183,860 2236,859 2289,857 2342,856 2395,855 2448,854"
                         HEIGHT="118"
                         WIDTH="1141"
                         VPOS="809"
                         HPOS="1315">
                  <String ID="string_r3l9"
                          HEIGHT="118"
                          WIDTH="1141"
                          VPOS="809"
                          HPOS="1315"
                          CONTENT="Antrag hinſichtlich des D. Wolf, Repet."/>
               </TextLine>
               <TextLine ID="r3l10"
                         BASELINE="1319,969 1362,971 1400,972 1439,972 1477,972 1516,972 1554,972 1593,971 1631,969 1670,968 1708,966 1747,965 1786,963 1824,960 1863,960 1901,959 1940,957 1978,957 2017,957 2055,957 2094,958 2133,960"
                         HEIGHT="103"
                         WIDTH="830"
                         VPOS="900"
                         HPOS="1311">
                  <String ID="string_r3l10"
                          HEIGHT="103"
                          WIDTH="830"
                          VPOS="900"
                          HPOS="1311"
                          CONTENT="Welte und Cand. Öhler an."/>
               </TextLine>
               <TextLine ID="r3l11"
                         BASELINE="1691,1154 1721,1155 1751,1154 1781,1154"
                         HEIGHT="70"
                         WIDTH="106"
                         VPOS="1106"
                         HPOS="1683">
                  <String ID="string_r3l11"
                          HEIGHT="70"
                          WIDTH="106"
                          VPOS="1106"
                          HPOS="1683"
                          CONTENT="3."/>
               </TextLine>
               <TextLine ID="r3l12"
                         BASELINE="1319,1257 1378,1257 1438,1256 1497,1256 1557,1254 1616,1254 1676,1253 1735,1251 1795,1250 1854,1248 1914,1247 1974,1244 2033,1242 2093,1241 2152,1238 2212,1236 2271,1233 2331,1231 2390,1228 2450,1225 2510,1223"
                         HEIGHT="137"
                         WIDTH="1207"
                         VPOS="1160"
                         HPOS="1310">
                  <String ID="string_r3l12"
                          HEIGHT="137"
                          WIDTH="1207"
                          VPOS="1160"
                          HPOS="1310"
                          CONTENT="Nach Vorleſung des Decrets v. 7. Jul. 1836,"/>
               </TextLine>
               <TextLine ID="r3l13"
                         BASELINE="1319,1341 1376,1340 1434,1338 1491,1337 1549,1337 1607,1335 1664,1334 1722,1334 1780,1332 1837,1332 1895,1331 1953,1329 2010,1329 2068,1328 2126,1326 2183,1325 2241,1323 2299,1320 2356,1318 2414,1316 2472,1313"
                         HEIGHT="115"
                         WIDTH="1169"
                         VPOS="1264"
                         HPOS="1311">
                  <String ID="string_r3l13"
                          HEIGHT="115"
                          WIDTH="1169"
                          VPOS="1264"
                          HPOS="1311"
                          CONTENT="wodurch der Gehalt des Prof. Walz auf"/>
               </TextLine>
               <TextLine ID="r3l14"
                         BASELINE="1331,1424 1388,1422 1446,1422 1504,1421 1562,1419 1620,1418 1677,1416 1735,1416 1793,1415 1851,1413 1909,1412 1966,1410 2024,1409 2082,1407 2140,1405 2198,1403 2255,1401 2313,1400 2371,1397 2429,1394 2487,1392"
                         HEIGHT="90"
                         WIDTH="1171"
                         VPOS="1366"
                         HPOS="1323">
                  <String ID="string_r3l14"
                          HEIGHT="90"
                          WIDTH="1171"
                          VPOS="1366"
                          HPOS="1323"
                          CONTENT="900 f erhöht, demſelben Sitz und Stim̄e"/>
               </TextLine>
               <TextLine ID="r3l15"
                         BASELINE="1316,1514 1373,1512 1431,1511 1489,1509 1547,1508 1605,1506 1662,1504 1720,1503 1778,1500 1836,1499 1894,1496 1951,1494 2009,1491 2067,1488 2125,1486 2183,1484 2240,1481 2298,1478 2356,1475 2414,1472 2472,1469"
                         HEIGHT="136"
                         WIDTH="1173"
                         VPOS="1424"
                         HPOS="1307">
                  <String ID="string_r3l15"
                          HEIGHT="136"
                          WIDTH="1173"
                          VPOS="1424"
                          HPOS="1307"
                          CONTENT="in der philoſophiſchen Facultät, und der"/>
               </TextLine>
               <TextLine ID="r3l16"
                         BASELINE="1328,1596 1385,1596 1443,1595 1501,1593 1559,1592 1617,1590 1675,1589 1733,1586 1791,1584 1849,1581 1907,1579 1964,1577 2022,1573 2080,1570 2138,1566 2196,1562 2254,1559 2312,1554 2370,1550 2428,1546 2500,1541"
                         HEIGHT="128"
                         WIDTH="1175"
                         VPOS="1508"
                         HPOS="1318">
                  <String ID="string_r3l16"
                          HEIGHT="128"
                          WIDTH="1175"
                          VPOS="1508"
                          HPOS="1318"
                          CONTENT="Titel und Rang eines ordentlichen Pro_"/>
               </TextLine>
               <TextLine ID="r3l17"
                         BASELINE="1311,1679 1367,1677 1424,1674 1480,1673 1537,1671 1593,1670 1650,1667 1706,1665 1763,1663 1819,1661 1876,1659 1933,1658 1989,1655 2046,1653 2102,1652 2159,1650 2215,1648 2272,1646 2328,1645 2385,1644 2442,1643"
                         HEIGHT="135"
                         WIDTH="1148"
                         VPOS="1581"
                         HPOS="1302">
                  <String ID="string_r3l17"
                          HEIGHT="135"
                          WIDTH="1148"
                          VPOS="1581"
                          HPOS="1302"
                          CONTENT="feſſors der Univerſität unter der Be‗"/>
               </TextLine>
               <TextLine ID="r3l18"
                         BASELINE="1310,1763 1365,1762 1420,1761 1476,1760 1531,1758 1587,1757 1642,1755 1697,1754 1753,1752 1808,1750 1864,1749 1919,1746 1974,1745 2030,1742 2085,1739 2141,1737 2196,1733 2251,1730 2307,1727 2362,1724 2418,1719"
                         HEIGHT="103"
                         WIDTH="1124"
                         VPOS="1686"
                         HPOS="1302">
                  <String ID="string_r3l18"
                          HEIGHT="103"
                          WIDTH="1124"
                          VPOS="1686"
                          HPOS="1302"
                          CONTENT="dingung verliehen wird, daß er den"/>
               </TextLine>
               <TextLine ID="r3l19"
                         BASELINE="1308,1857 1365,1852 1422,1848 1479,1845 1537,1841 1594,1838 1651,1835 1709,1832 1766,1830 1823,1827 1881,1826 1938,1823 1995,1821 2052,1821 2110,1820 2167,1818 2224,1818 2282,1818 2339,1817 2396,1817 2454,1817"
                         HEIGHT="109"
                         WIDTH="1164"
                         VPOS="1768"
                         HPOS="1299">
                  <String ID="string_r3l19"
                          HEIGHT="109"
                          WIDTH="1164"
                          VPOS="1768"
                          HPOS="1299"
                          CONTENT="Ruf nach Dorpat ablehne; wird auch"/>
               </TextLine>
               <TextLine ID="r3l20"
                         BASELINE="1326,1935 1382,1934 1438,1932 1494,1932 1550,1931 1606,1929 1662,1928 1718,1926 1774,1925 1830,1922 1886,1920 1942,1919 1998,1917 2054,1916 2110,1913 2166,1911 2222,1910 2278,1908 2334,1907 2390,1905 2447,1904"
                         HEIGHT="113"
                         WIDTH="1138"
                         VPOS="1855"
                         HPOS="1317">
                  <String ID="string_r3l20"
                          HEIGHT="113"
                          WIDTH="1138"
                          VPOS="1855"
                          HPOS="1317"
                          CONTENT="die dem Walz hierüber abgeforderte"/>
               </TextLine>
               <TextLine ID="r3l21"
                         BASELINE="1317,2022 1374,2022 1431,2022 1488,2021 1545,2021 1602,2021 1659,2019 1716,2019 1773,2018 1830,2016 1888,2015 1945,2013 2002,2012 2059,2010 2116,2007 2173,2005 2230,2003 2287,2000 2344,1997 2401,1995 2459,1991"
                         HEIGHT="121"
                         WIDTH="1158"
                         VPOS="1944"
                         HPOS="1309">
                  <String ID="string_r3l21"
                          HEIGHT="121"
                          WIDTH="1158"
                          VPOS="1944"
                          HPOS="1309"
                          CONTENT="Erklärung verleſen, worin er welche"/>
               </TextLine>
               <TextLine ID="r3l22"
                         BASELINE="1317,2109 1374,2108 1431,2106 1488,2105 1545,2103 1602,2102 1659,2102 1717,2100 1774,2099 1831,2099 1888,2097 1945,2096 2002,2096 2059,2094 2117,2094 2174,2093 2231,2093 2288,2091 2345,2091 2402,2091 2460,2090"
                         HEIGHT="99"
                         WIDTH="1159"
                         VPOS="2042"
                         HPOS="1309">
                  <String ID="string_r3l22"
                          HEIGHT="99"
                          WIDTH="1159"
                          VPOS="2042"
                          HPOS="1309"
                          CONTENT="dahin lautet, daß Prof. Walz zu der"/>
               </TextLine>
               <TextLine ID="r3l23"
                         BASELINE="1317,2204 1374,2201 1432,2197 1489,2195 1547,2193 1605,2190 1662,2189 1720,2187 1777,2187 1835,2186 1893,2184 1950,2183 2008,2183 2065,2181 2123,2180 2181,2179 2238,2177 2296,2175 2353,2174 2411,2171 2469,2169"
                         HEIGHT="128"
                         WIDTH="1169"
                         VPOS="2118"
                         HPOS="1308">
                  <String ID="string_r3l23"
                          HEIGHT="128"
                          WIDTH="1169"
                          VPOS="2118"
                          HPOS="1308"
                          CONTENT="Ablehnung der ihm angetragenen Stelle"/>
               </TextLine>
               <TextLine ID="r3l24"
                         BASELINE="1304,2283 1364,2282 1424,2280 1484,2279 1544,2276 1604,2274 1664,2273 1724,2271 1784,2270 1844,2267 1904,2265 1964,2264 2024,2262 2084,2261 2144,2260 2204,2259 2264,2258 2324,2258 2384,2258 2444,2258 2504,2258 2518,2280"
                         HEIGHT="125"
                         WIDTH="1216"
                         VPOS="2204"
                         HPOS="1296">
                  <String ID="string_r3l24"
                          HEIGHT="125"
                          WIDTH="1216"
                          VPOS="2204"
                          HPOS="1296"
                          CONTENT="zu Dorpat nur dann ſich verſtehen könnte,"/>
               </TextLine>
               <TextLine ID="r3l25"
                         BASELINE="1313,2364 1368,2364 1424,2363 1479,2363 1535,2361 1590,2360 1646,2359 1701,2357 1757,2356 1812,2354 1868,2352 1924,2351 1979,2349 2035,2348 2090,2346 2146,2345 2201,2343 2257,2342 2312,2340 2368,2339 2424,2337"
                         HEIGHT="120"
                         WIDTH="1127"
                         VPOS="2279"
                         HPOS="1305">
                  <String ID="string_r3l25"
                          HEIGHT="120"
                          WIDTH="1127"
                          VPOS="2279"
                          HPOS="1305"
                          CONTENT="wenn ihm die etatsmäßige ſiebente"/>
               </TextLine>
               <TextLine ID="r3l26"
                         BASELINE="1301,2450 1360,2448 1420,2447 1480,2444 1539,2442 1599,2441 1659,2438 1718,2436 1778,2433 1838,2432 1898,2429 1957,2427 2017,2426 2077,2423 2136,2421 2196,2420 2256,2418 2315,2417 2375,2415 2435,2414 2510,2410"
                         HEIGHT="125"
                         WIDTH="1210"
                         VPOS="2359"
                         HPOS="1293">
                  <String ID="string_r3l26"
                          HEIGHT="125"
                          WIDTH="1210"
                          VPOS="2359"
                          HPOS="1293"
                          CONTENT="Profeſſur in der philoſoph. Faculät über_"/>
               </TextLine>
               <TextLine ID="r3l27"
                         BASELINE="1305,2547 1365,2546 1425,2543 1485,2541 1545,2541 1605,2539 1665,2538 1725,2536 1785,2535 1845,2534 1906,2532 1966,2531 2026,2529 2086,2527 2146,2525 2206,2523 2266,2522 2326,2519 2386,2517 2446,2513 2507,2510"
                         HEIGHT="135"
                         WIDTH="1220"
                         VPOS="2460"
                         HPOS="1296">
                  <String ID="string_r3l27"
                          HEIGHT="135"
                          WIDTH="1220"
                          VPOS="2460"
                          HPOS="1296"
                          CONTENT="tragen würde. Der Senat beſchließt, die"/>
               </TextLine>
               <TextLine ID="r3l28"
                         BASELINE="1317,2636 1375,2634 1434,2633 1493,2631 1552,2630 1611,2628 1669,2627 1728,2627 1787,2625 1846,2624 1905,2622 1963,2622 2022,2621 2081,2619 2140,2619 2199,2618 2257,2618 2316,2618 2375,2616 2434,2616 2493,2616"
                         HEIGHT="126"
                         WIDTH="1191"
                         VPOS="2566"
                         HPOS="1310">
                  <String ID="string_r3l28"
                          HEIGHT="126"
                          WIDTH="1191"
                          VPOS="2566"
                          HPOS="1310"
                          CONTENT="Erklärung des Walz unter Bezeugung"/>
               </TextLine>
               <TextLine ID="r3l29"
                         BASELINE="1317,2721 1373,2721 1430,2721 1487,2720 1543,2718 1600,2717 1657,2714 1713,2712 1770,2711 1827,2708 1884,2706 1940,2703 1997,2702 2054,2699 2110,2697 2167,2696 2224,2694 2280,2694 2337,2694 2394,2694 2451,2694"
                         HEIGHT="149"
                         WIDTH="1151"
                         VPOS="2629"
                         HPOS="1308">
                  <String ID="string_r3l29"
                          HEIGHT="149"
                          WIDTH="1151"
                          VPOS="2629"
                          HPOS="1308"
                          CONTENT="des Wunſches vorzulegen, daß dieſer"/>
               </TextLine>
               <TextLine ID="r3l30"
                         BASELINE="1325,2799 1383,2800 1441,2801 1499,2801 1557,2801 1615,2799 1673,2799 1731,2798 1789,2797 1847,2796 1906,2795 1964,2793 2022,2792 2080,2789 2138,2787 2196,2786 2254,2783 2312,2781 2370,2779 2428,2777 2487,2775"
                         HEIGHT="124"
                         WIDTH="1178"
                         VPOS="2726"
                         HPOS="1317">
                  <String ID="string_r3l30"
                          HEIGHT="124"
                          WIDTH="1178"
                          VPOS="2726"
                          HPOS="1317"
                          CONTENT="tüchtige und verdiente Lehrer, welcher"/>
               </TextLine>
               <TextLine ID="r3l31"
                         BASELINE="1310,2885 1366,2885 1422,2885 1478,2883 1534,2883 1590,2883 1646,2882 1702,2882 1758,2880 1814,2879 1871,2879 1927,2877 1983,2877 2039,2876 2095,2875 2151,2874 2207,2873 2263,2873 2319,2871 2375,2871 2453,2870"
                         HEIGHT="102"
                         WIDTH="1138"
                         VPOS="2827"
                         HPOS="1302">
                  <String ID="string_r3l31"
                          HEIGHT="102"
                          WIDTH="1138"
                          VPOS="2827"
                          HPOS="1302"
                          CONTENT="gegenwärtig nicht zu erſetzen wäre,"/>
               </TextLine>
               <TextLine ID="r3l32"
                         BASELINE="1325,2976 1380,2975 1436,2974 1492,2973 1548,2972 1604,2972 1660,2970 1715,2970 1771,2969 1827,2969 1883,2967 1939,2967 1995,2967 2051,2967 2106,2966 2162,2966 2218,2966 2274,2966 2330,2966 2386,2967 2476,2967"
                         HEIGHT="99"
                         WIDTH="1133"
                         VPOS="2916"
                         HPOS="1317">
                  <String ID="string_r3l32"
                          HEIGHT="99"
                          WIDTH="1133"
                          VPOS="2916"
                          HPOS="1317"
                          CONTENT="der Univerſität erhalten werden möchte."/>
               </TextLine>
               <TextLine ID="r3l33"
                         BASELINE="1302,3075 1359,3076 1417,3077 1475,3077 1533,3077 1590,3077 1648,3075 1706,3075 1764,3074 1821,3072 1879,3070 1937,3069 1995,3068 2052,3065 2110,3064 2168,3063 2226,3062 2283,3060 2341,3059 2399,3059 2457,3059"
                         HEIGHT="116"
                         WIDTH="1170"
                         VPOS="3007"
                         HPOS="1294">
                  <String ID="string_r3l33"
                          HEIGHT="116"
                          WIDTH="1170"
                          VPOS="3007"
                          HPOS="1294"
                          CONTENT="Gegen dieſen Beſchluß erklärt ſich Prof."/>
               </TextLine>
               <TextLine ID="r3l34"
                         BASELINE="1325,3162 1380,3162 1435,3164 1490,3164 1545,3162 1601,3162 1656,3161 1711,3159 1766,3158 1821,3156 1877,3155 1932,3153 1987,3152 2042,3150 2097,3149 2153,3149 2208,3147 2263,3147 2318,3149 2373,3149 2429,3152"
                         HEIGHT="92"
                         WIDTH="1120"
                         VPOS="3094"
                         HPOS="1317">
                  <String ID="string_r3l34"
                          HEIGHT="92"
                          WIDTH="1120"
                          VPOS="3094"
                          HPOS="1317"
                          CONTENT="D. Scheuerlen mit dem Bemerken zu"/>
               </TextLine>
               <TextLine ID="r3l35"
                         BASELINE="1302,3255 1359,3254 1416,3252 1473,3251 1530,3249 1587,3249 1644,3248 1701,3248 1758,3246 1815,3246 1872,3246 1929,3245 1986,3245 2043,3245 2100,3245 2157,3243 2214,3243 2271,3243 2328,3242 2385,3242 2442,3240"
                         HEIGHT="100"
                         WIDTH="1155"
                         VPOS="3192"
                         HPOS="1295">
                  <String ID="string_r3l35"
                          HEIGHT="100"
                          WIDTH="1155"
                          VPOS="3192"
                          HPOS="1295"
                          CONTENT="Protocoll, daß er nicht nur wegen der"/>
               </TextLine>
               <TextLine ID="line_1624533084638_673"
                         BASELINE="1323,3339 1380,3338 1437,3336 1494,3335 1552,3333 1609,3332 1666,3332 1723,3330 1781,3330 1831,3329"
                         HEIGHT="87"
                         WIDTH="515"
                         VPOS="3299"
                         HPOS="1316">
                  <String ID="string_line_1624533084638_673"
                          HEIGHT="87"
                          WIDTH="515"
                          VPOS="3299"
                          HPOS="1316"
                          CONTENT="ſchon erfolgten "/>
               </TextLine>
               <TextLine ID="r3l36"
                         BASELINE="1845,3289 1907,3285 1940,3283 2011,3282"
                         HEIGHT="62"
                         WIDTH="184"
                         VPOS="3244"
                         HPOS="1836">
                  <String ID="string_r3l36"
                          HEIGHT="62"
                          WIDTH="184"
                          VPOS="3244"
                          HPOS="1836"
                          CONTENT="höchſten"/>
               </TextLine>
               <TextLine ID="line_1624533084638_672"
                         BASELINE="1831,3329 1838,3329 1895,3329 1952,3329 2010,3327 2067,3327 2124,3327 2181,3327 2239,3327 2296,3327 2353,3327 2410,3328 2468,3329"
                         HEIGHT="89"
                         WIDTH="644"
                         VPOS="3292"
                         HPOS="1831">
                  <String ID="string_line_1624533084638_672"
                          HEIGHT="89"
                          WIDTH="644"
                          VPOS="3292"
                          HPOS="1831"
                          CONTENT="Entſcheidung, und im"/>
               </TextLine>
               <TextLine ID="r3l38"
                         BASELINE="1308,3432 1363,3428 1419,3425 1474,3422 1530,3420 1586,3419 1641,3417 1697,3417 1752,3417 1808,3417 1864,3417 1919,3417 1975,3417 2030,3417 2086,3417 2142,3417 2197,3416 2253,3414 2308,3411 2364,3409 2420,3405"
                         HEIGHT="106"
                         WIDTH="1127"
                         VPOS="3360"
                         HPOS="1300">
                  <String ID="string_r3l38"
                          HEIGHT="106"
                          WIDTH="1127"
                          VPOS="3360"
                          HPOS="1300"
                          CONTENT="Jntereſſe des Prof. Walz ſelber für"/>
               </TextLine>
               <TextLine ID="r3l39"
                         BASELINE="1326,3521 1380,3519 1434,3517 1488,3515 1543,3513 1597,3512 1651,3511 1705,3510 1760,3509 1814,3507 1868,3507 1922,3506 1977,3506 2031,3504 2085,3504 2139,3503 2194,3502 2248,3501 2302,3500 2356,3498 2411,3497"
                         HEIGHT="107"
                         WIDTH="1102"
                         VPOS="3447"
                         HPOS="1318">
                  <String ID="string_r3l39"
                          HEIGHT="107"
                          WIDTH="1102"
                          VPOS="3447"
                          HPOS="1318"
                          CONTENT="einfache Vorlegung der Erklärung"/>
               </TextLine>
               <TextLine ID="r3l40"
                         BASELINE="1316,3612 1347,3612 1378,3611 1409,3611 1440,3609 1472,3608 1503,3608 1534,3608 1565,3606 1596,3606 1628,3605 1659,3605 1690,3604 1721,3603 1752,3603 1784,3603 1815,3602 1846,3602 1877,3602 1908,3602 1940,3602"
                         HEIGHT="103"
                         WIDTH="640"
                         VPOS="3554"
                         HPOS="1308">
                  <String ID="string_r3l40"
                          HEIGHT="103"
                          WIDTH="640"
                          VPOS="3554"
                          HPOS="1308"
                          CONTENT="des Letzteren ſtim̄e."/>
               </TextLine>
               <TextLine ID="r3l41"
                         BASELINE="1362,3705 1413,3705 1464,3704 1516,3702 1567,3701 1619,3699 1670,3699 1722,3697 1773,3695 1825,3693 1876,3692 1927,3691 1979,3690 2030,3689 2082,3687 2133,3686 2185,3686 2236,3684 2288,3684 2339,3684 2391,3684"
                         HEIGHT="132"
                         WIDTH="1045"
                         VPOS="3608"
                         HPOS="1353">
                  <String ID="string_r3l41"
                          HEIGHT="132"
                          WIDTH="1045"
                          VPOS="3608"
                          HPOS="1353"
                          CONTENT="Zugleich wird der den Prof. Hohl betreffende Erlaß"/>
               </TextLine>
               <TextLine ID="r3l42"
                         BASELINE="1362,3785 1415,3780 1469,3776 1523,3773 1577,3770 1631,3768 1684,3766 1738,3764 1792,3762 1846,3761 1900,3761 1953,3759 2007,3759 2061,3759 2115,3759 2169,3759 2222,3761 2276,3761 2330,3762 2384,3762 2438,3764"
                         HEIGHT="125"
                         WIDTH="1093"
                         VPOS="3683"
                         HPOS="1354">
                  <String ID="string_r3l42"
                          HEIGHT="125"
                          WIDTH="1093"
                          VPOS="3683"
                          HPOS="1354"
                          CONTENT="vom 7. Jul. 36. mitgetheilt, wornach der Gehalt des Prof."/>
               </TextLine>
               <TextLine ID="r3l43"
                         BASELINE="1362,3858 1403,3855 1445,3851 1487,3849 1529,3846 1571,3843 1613,3840 1654,3838 1696,3837 1738,3836 1780,3834 1822,3833 1864,3833 1906,3831 1947,3831 1989,3831 2031,3833 2073,3833 2115,3834 2157,3836 2199,3837"
                         HEIGHT="141"
                         WIDTH="853"
                         VPOS="3760"
                         HPOS="1354">
                  <String ID="string_r3l43"
                          HEIGHT="141"
                          WIDTH="853"
                          VPOS="3760"
                          HPOS="1354"
                          CONTENT="Hohl von 600 f auf 800 f. erhöht wird."/>
               </TextLine>
            </TextBlock>
            <TextBlock ID="region_1624520575702_283"
                       HEIGHT="801"
                       WIDTH="781"
                       VPOS="291"
                       HPOS="172"
                       LANG="">
               <Shape>
                  <Polygon POINTS="172,291 953,291 953,1092 172,1092"/>
               </Shape>
               <TextLine ID="line_1624535739659_703"
                         BASELINE="242,499 322,499 378,502 476,499 551,502 609,498 701,501 708,499"
                         HEIGHT="135"
                         WIDTH="475"
                         VPOS="406"
                         HPOS="233">
                  <String ID="string_line_1624535739659_703"
                          HEIGHT="135"
                          WIDTH="475"
                          VPOS="406"
                          HPOS="233"
                          CONTENT="Ein Separatvotum ſchlieſſen"/>
               </TextLine>
               <TextLine ID="line_1624520646320_298"
                         BASELINE="631,430 735,438"
                         HEIGHT="99"
                         WIDTH="129"
                         VPOS="354"
                         HPOS="621">
                  <String ID="string_line_1624520646320_298"
                          HEIGHT="99"
                          WIDTH="129"
                          VPOS="354"
                          HPOS="621"
                          CONTENT="behalten"/>
               </TextLine>
               <TextLine ID="line_1624535739659_702"
                         BASELINE="708,499 735,493 855,502"
                         HEIGHT="119"
                         WIDTH="162"
                         VPOS="423"
                         HPOS="708">
                  <String ID="string_line_1624535739659_702"
                          HEIGHT="119"
                          WIDTH="162"
                          VPOS="423"
                          HPOS="708"
                          CONTENT="ſich vor"/>
               </TextLine>
               <TextLine ID="line_1624520656119_308"
                         BASELINE="438,603 628,597"
                         HEIGHT="107"
                         WIDTH="214"
                         VPOS="523"
                         HPOS="425">
                  <String ID="string_line_1624520656119_308"
                          HEIGHT="107"
                          WIDTH="214"
                          VPOS="523"
                          HPOS="425"
                          CONTENT="v. Schrader,"/>
               </TextLine>
               <TextLine ID="line_1624520658516_313"
                         BASELINE="451,672 566,665"
                         HEIGHT="124"
                         WIDTH="113"
                         VPOS="597"
                         HPOS="438">
                  <String ID="string_line_1624520658516_313"
                          HEIGHT="124"
                          WIDTH="113"
                          VPOS="597"
                          HPOS="438"
                          CONTENT="Herbſt,"/>
               </TextLine>
               <TextLine ID="line_1624520660426_318"
                         BASELINE="427,741 553,732"
                         HEIGHT="82"
                         WIDTH="150"
                         VPOS="697"
                         HPOS="415">
                  <String ID="string_line_1624520660426_318"
                          HEIGHT="82"
                          WIDTH="150"
                          VPOS="697"
                          HPOS="415"
                          CONTENT="Jäger, "/>
               </TextLine>
               <TextLine ID="line_1624520663174_323"
                         BASELINE="446,796 701,806"
                         HEIGHT="91"
                         WIDTH="276"
                         VPOS="756"
                         HPOS="436">
                  <String ID="string_line_1624520663174_323"
                          HEIGHT="91"
                          WIDTH="276"
                          VPOS="756"
                          HPOS="436"
                          CONTENT="von Eſchenmayer,"/>
               </TextLine>
               <TextLine ID="line_1624520665630_328"
                         BASELINE="479,883 647,892"
                         HEIGHT="98"
                         WIDTH="190"
                         VPOS="815"
                         HPOS="469">
                  <String ID="string_line_1624520665630_328"
                          HEIGHT="98"
                          WIDTH="190"
                          VPOS="815"
                          HPOS="469"
                          CONTENT="Scheuerlen,"/>
               </TextLine>
               <TextLine ID="line_1624520667829_333"
                         BASELINE="504,958 616,950"
                         HEIGHT="108"
                         WIDTH="138"
                         VPOS="890"
                         HPOS="491">
                  <String ID="string_line_1624520667829_333"
                          HEIGHT="108"
                          WIDTH="138"
                          VPOS="890"
                          HPOS="491"
                          CONTENT="Schmid."/>
               </TextLine>
            </TextBlock>
            <TextBlock ID="r2"
                       HEIGHT="156"
                       WIDTH="159"
                       VPOS="3659"
                       HPOS="1170"
                       LANG="">
               <Shape>
                  <Polygon POINTS="1170,3659 1170,3815 1329,3815 1329,3659"/>
               </Shape>
               <TextLine ID="r2l1"
                         BASELINE="1170,3764 1196,3765 1223,3765 1249,3763 1276,3762 1302,3759 1329,3759"
                         HEIGHT="102"
                         WIDTH="176"
                         VPOS="3700"
                         HPOS="1160">
                  <String ID="string_r2l1"
                          HEIGHT="102"
                          WIDTH="176"
                          VPOS="3700"
                          HPOS="1160"
                          CONTENT="ſ. nro. A."/>
               </TextLine>
            </TextBlock>
         </PrintSpace>
      </Page>
   </Layout>
</alto>
