5239 8029
1298 210 1177 140 tæt betreffend die Anſtellung des Lehrers des

1282 312 1123 128 Baufachen. Beſchloſſen ad acta zu legen.

1605 444 97 89 4.)

1278 520 1215 140 Wird in Hinſicht des Recurſes des Schultheißen

1282 595 1185 136 Häcker in Kirchheim, die Einſezung ſeines

1302 706 1159 110 Sohns in die ProbſtMülleriſche Stipendium

1306 790 1150 122 beſchloſſen, den in vorangegangener Sizung

1287 862 1181 127 gefaßten Beſchluß K. Miniſterium zur

1292 965 758 137 Genehmigung vorzulegen.

1610 1093 106 101 5.)

1288 1183 1176 145 Prof. Reyſcher refer. in Betreff des

1294 1290 1179 104 Recurſes des Stud. Wolf von Kanſtædt.

1292 1365 1159 130 Beſchloſſen gegen Ref. vom Senat aus

1310 1454 1111 145 den Recurs für deſert zu erklæren.

1604 1581 106 100 6.)

1289 1664 1126 164 Mittheilung eines Erlaſſes betreffend die

1281 1767 1152 144 Angabe der academ. Lehrer, wie viele

1270 1862 1207 165 Prüfungen ſie im Laufe des Semeſters

1263 1982 743 157 gehalten vom 1/4 Mærz

1577 2118 107 129 7.)

1300 2235 1153 141 Wird beſchloſſen, daß gemæs dem Erlaß

1302 2329 1118 125 vom 19/23 Febr. l. J., dem Kanzler auch

1288 2408 1155 143 von den Verhandlungen, welche bey den

1285 2507 1146 133 Facultæten per capsulam vor ſich

1263 2596 1067 149 gehen, Mittheilung zu machen ſey.

1611 2755 98 84 8.)

1308 2837 1161 170 Wird die Mittheilung gemacht, daß Prof.

1279 2922 1160 133 Walz ſein Geſuch um Ertheilung einer

1285 3013 1178 137 ord. Profeſſur auf ſich beruhen laſſen

1296 3106 154 74 wolle.

1663 3117 89 89 9.)

1301 3188 1167 102 Wird Prof. Mayer aufgegeben das Program̄ für den näch_

1284 3243 1186 89 ſten Geburtstag S. May. des Königs zu ſchreiben u: die Rede zu

1246 3280 177 75 halten.

1857 3283 275 90 Pro ſecr.

1852 3376 485 179 Prof. Mayer

804 3273 461 128 Geſehen

844 3358 630 120 d 13. April 1837.

1207 3457 644 198 D. Scheurlen.
