5065 7917
2272 139 138 77 402.

1272 334 1109 151 hatte, daß von denſelben Einer, namlich

1299 413 1119 159 Pfarrer Burk von Thailfingen von ſeiner

1289 489 1130 162 Meldung abgeſtanden ſey, u. daß ſomit blos

1351 580 928 201 Pfarrer M. Faber von Magſtadt

1373 677 941 155 Diaconus Mayer von Pfullingen

1376 768 1007 188 Pfarrer M. Moſer von Höfingen, u.

1401 899 782 153 Pfarrer Baur von Beinſtein

1278 994 1143 157 als Competenten zu betrachten ſeyen, ſo

1299 1076 1131 132 wurde alsbald zur Wahl geſchritten, welche

1293 1165 842 162 ſich durch Stim̄enMehrheit für

1392 1261 925 161 Pfarrer M. Faber in Magſtadt

1302 1431 307 106 entſchied.

1629 1547 78 78 4,

1285 1575 1116 184 Sofort erſtattet Hℓ Prof. Fulda Vortrag

1289 1665 1104 149 über die Bewerber um die StadtPfarrey

1285 1752 1127 159 Leonberg. Um dieſe Stelle haben ſich zwey

1302 1874 787 122 Candidaten beworben, namlich

1398 1957 942 150 Diaconus M. Wächter in Marbach und

1423 2056 892 160 Pfarrer M. Steudel in Oberurbach:

1281 2129 1120 192 welche nach der Anſicht des Hℓ. Referenten und

1281 2230 1104 180 nachdem gleichfalls verleſenen Gutachten

1277 2316 1152 184 der theologiſchen Fakultät zu der Stelle voll

1262 2449 560 123 kom̄en befähigt ſind.

1314 2507 1036 174 Auf den — von einigen Seiten gemachten

1295 2585 1146 176 Einwurf, daß das von M. Wächter vorgelegte

1297 2668 1129 182 QualifikationsZeugniß blos die Dekanats_

1303 2782 1126 168 Fähigkeit deßelben im Allgemeinen aus_

1305 2869 1116 186 ſpreche, während es doch zur Form zu gehören

1290 2976 1137 190 ſcheine, daß auch die Fähigkeit zur Meldung

1286 3057 1144 164 um die StadtPfarrey Leonberg insbeſondere

1288 3162 1159 150 ausgedrükt ſeyn sollte, wurde von Hℓ. Pro_

1271 3260 1131 156 Rektor die Frage zur Abſtim̄ung gebracht,

1367 3347 1052 179 ob das vongelegte Zeugniß genüge, oder
