5065 7917
1377 293 930 161 Hochzuverehrende Herrn!

1256 471 1160 155 Jch habe die Vorſchläge, welche ein hochan‗

1231 612 1170 116 ſehnlicher akademiſcher Senat am lezten

1239 706 1192 130 Freitag wegen Beſtellung des Rectoramts

1233 820 1150 118 beſchloſſen hat, dem Miniſterium des

1247 909 1166 129 Jnnern und des Kirchen und Schulweſens

1236 1004 1183 151 zur Einholung der Allerhöchſten Entſchei‗

1248 1116 1171 139 dung Seiner Majeſtät des Königs vorge‗

1240 1231 1131 136 legt. Dieſe Entſcheidung iſt nunmehr

1263 1329 1135 132 erfolgt, und ich bin beauftragt, dieſelbe

1230 1439 1192 131 Jhnen durch folgenden an den akademiſchen

1235 1546 1193 125 Senat gerichteten Erlaß des Miniſteriums

1234 1660 385 108 zu eröffnen.

1355 1765 1032 140 (:Leg. der Erlaß des Miniſteriums:)

1258 1910 1087 116 Erlauben Sie mir nun, hochverehrteſter

1254 2011 1134 120 Herr Vice Kanzler, daß ich in demſelben

1241 2124 1134 121 Augenblik, in welchem ich Sie zu erſuchen

1233 2233 1105 122 habe, Jhr ſeitheriges Amt als Vice=

1228 2337 1161 136 Kanzler als aufgehoben zu betrachten,

1239 2442 1149 130 Sie als denjenigen Begrüße, welchen der

1234 2549 1185 144 ehrenvolle Ruf ſeiner Collegen nicht weni‗

1235 2669 1133 121 ger als das Höchſte Vertrauen Seiner

1246 2772 1115 128 Majeſtät des Königs für das laufende

1246 2889 1139 114 akademiſche Jahr an die Spize der Uni‗

1249 3001 801 119 verſität geſtellt haben hat.

1359 3100 991 132 Meinem Auftrag gemäß habe ich

1245 3234 1164 132 nun zu Jhrer Verpflichtung zu ſchreiten;

1251 3364 1135 111 da Sie bereits in früherer Zeit als Rector

1247 3474 1176 132 den Dienſt=Eid abgelegt haben, ſo genügt es
