5065 7917
1281 309 1097 143 beibehalten werden, als in der GeſchäftsOrdnu

1274 392 1116 147 diejenigen Fälle, in welchen der Senat das

1294 470 1098 143 PatronatRecht auszuüben habe, ganz über

1286 590 486 124 ſehen worden ſey.

1301 643 1099 175 Bei der gehaltenen Umfrage wurde einſtim̄ig

1293 738 1000 165 für die geheime Stim̄gebung entſchieden.

1271 825 1124 166 Der zweite allgemeine Punkt beſteht nach den

1275 919 1075 155 weiteren Vortrage des Herrn ProRektors

1287 990 1104 150 darin̄: ob Stim̄zettel, welche von abweſenden

1292 1093 1095 150 SenatsMitGliedern eingeſendet werden, als

1294 1191 1096 164 gültig anzuſehen u. anzunehmen ſeyen? E

1275 1275 1114 166 habe ihm nemlich Hℓ. Prof. Schübler, welche

1279 1362 1109 170 heute verhindert ſey, der Sizung perſön

1292 1449 1095 176 lich anzuwohnen, zwei verſchloßene Stim̄

1280 1555 1079 151 zettel in Beziehung auf die Wahl zur

1292 1634 1094 181 StadtPfarrey Leonberg u Pfarrey Nekar

1279 1734 1110 187 thailfingen zugeſendet, u. er frage ſich

1263 1829 1117 188 alſo, ob solche angenom̄en werden kön̄en

1311 1953 945 153 Bei gehaltener Umfrage gieng der

1518 2050 509 150 einſtim̄ige Beſchluß

1278 2154 1055 162 dahin, daß abweſende MitGlieder nicht

1267 2220 1122 200 ſtim̄en kön̄en, u. dem Hℓ. Profeßor Schübler

1278 2349 989 150 die Stim̄zettel zurükzugeben wären.

1605 2506 76 91 3,

1295 2553 1097 176 Sofort wird Univ=AmtsVerw. Günzler auf

1281 2650 1116 192 gefordert, Namens des krank gewordenen

1280 2750 1120 175 Referenten, Dr Haug in Beziehung auf die

1274 2851 1130 189 Meldungen um die Pfarrey Nekarthailfingen

1274 2990 467 132 Vortrag zu halten.

1309 3043 1082 184 Nach Verleſung der betrℓ. Aktenstüke,

1280 3142 1112 165 beſondere des von der theol. Fakultät ein

1285 3230 1111 190 geholten Gutachtens über die aufgetretenen

1286 3325 1118 165 Bewerber, u. nachdem Ref. Nachricht gegeben
