5065 7917
978 269 595 253 Vir magnifice!

512 670 1776 251 Jch war heute Nachmittag nothgedrungen, die Sitzung

523 833 1002 229 auf kurze Zeit zu verlaſſen.

666 968 1654 192 Während meiner Abweſenheit, kam die wichtige

530 1081 224 256 Frage,

851 1168 1553 222 ob dem Wunſche der Stadtbehörde rükſichtlich

866 1307 1443 184 der Abtretung des Clinikums zu einem

872 1424 1510 262 Cholera Spital entſprochen werden ſolle?

522 1680 662 178 zur Abſtim̄ung.

733 1794 1596 248 Einem Theile der Debatte habe ich noch ange_

569 1921 1862 229 wohnt, auch hatte ich die Ehre, Euer Magnificenz

566 2040 1842 284 und einigen andern verehrlichen Senats Mitgliedern

582 2218 1856 270 am Schluſſe der Sitzung noch meine Bedenklichkeiten

600 2390 1824 250 über die Abweiſung jenes Antrags mitzutheilen.

720 2560 1698 249 Sowohl durch Erſteres, als die mir auf lezteres

664 2721 1763 222 gewordenen Erwiederungen hatte ich mich für hin_

574 2886 1822 207 länglich unterrichtet, um über dieſe ſehr erhebliche

578 3024 1468 279 Frage noch ein Votum abgeben zu kön̄en.

683 3187 1647 286 Jch gebe dieſes hiemit gegen die Majorität,

596 3305 1753 312 d. h. für die Ueberlaſſung des Clinikums zum
