5065 7917
1266 302 1149 81 niederen Dienern die in der inneren Ver‗

1238 392 1148 105 faſſung der Univerſität eingetretenen

1243 463 1166 140 Veränderungen zur Nachachtung bekannt

1252 614 299 91 zu machen.

1348 696 1086 127 /:Hierauf erfolgte eine Erwiederungs=

1383 803 1009 102 Rede des neuen Rectors, in welcher er

1406 900 985 110 im Weſentlichen ſeinen Collegen em‗

1383 1008 985 150 pfohlen hat und die Unterſtüzung

1390 1108 969 110 und Nachſicht derſelben in Anſpruch

1397 1186 942 138 nahm, und zugleich die Erwartung

1407 1287 1010 153 ausſprach, daß ihm bei der Ausübung

1390 1404 1026 130 ſeines Amtes Unterſtüzung und Nach‗

1379 1528 998 121 ſicht des Miniſteriums nicht fehlen

1357 1666 283 95 werde.:/

1240 1768 1173 119 Noch habe ich einige Punkte, die Vollziehung

1242 1875 1129 122 der neuen organiſchen Verordnung betr.,

1251 1985 396 102 zu beſprechen.

1315 2081 1084 102 /:Univerſitäts=Amtmann, Univerſitäts=

1330 2172 970 117 Sekretär, Fakultäts=Dekane:/

1264 2300 1107 120 Es bleibt mir nun nur noch übrig, einem

1249 2421 1128 121 hochanſehnlichen Senat die Verſicherung

1252 2538 1147 104 auszudrüken, daß es mir ebenſo angenehm

1252 2633 1139 115 als ehrenvoll war, bei dieſem Anlaß

1257 2749 1116 114 das Organ der Regierung zu ſeyn und

1258 2856 1083 114 in Jhrer Mitte erſcheinen zu dürfen.
