5065 7917
1300 210 1130 99 mir, Sie im Allgemeinen auf die mit dieſer Stelle

1282 308 1171 100 verbundenen Verpflichtungen hinzuweiſen, dabei

1291 376 1132 116 aber Sie zu erſuchen, auf die genaue Beobachtung

1287 470 1125 110 und Handhabung des Statuts vom 18. Janr. 1829.

1294 574 1145 99 und beziehungsweiſe der neuen organiſchen Ver‗

1277 645 1157 115 ordnung vom 18. April d. J., die Reviſion jenes Sta‗

1279 745 1176 117 tuts betr., mir Handtreue an EidesStatt abzulegen

1571 818 343 151 (Factum.)

1278 934 1131 117 Jndem ich nunmehr, Hochzuverehrende Herren,

1278 1029 1146 104 Jhnen Jhren neuen Rector hiemit vorzuſtellen

1288 1111 1141 124 die Ehre habe, kann ich Jhnen nur Glük wünſchen,

1282 1219 1137 110 daß in der Epoche, welche fortan einen neuen

1284 1306 1119 101 Abſchnitt in den Annalen der Univerſität

1300 1390 1117 105 bezeichnen wird, ein Mann an Jhrer Spize

1279 1487 1152 106 ſteht, deſſen manchfache Verdienſte um unſere

1295 1582 1146 110 Hochſchule, deſſen rühmlichſt bekannter Charak‗

1292 1681 1114 132 ter und deſſen große GeſchäftsErfahrung uns

1280 1785 1109 105 die Bürgſchaft gewähren, daß er die neue

1281 1881 1132 113 Ordnung der Dinge zur Zufriedenheit ſeiner

1281 1960 1147 130 Collegen ſowohl als der höchſten Staatsbehörden

1281 2065 1128 119 handhaben werde. Von Jhnen, Hochzuver‗

1288 2164 1149 115 ehrende Herren, bin ich voraus überzeugt, daß

1275 2272 1144 114 Sie recht gerne bereit ſind, Jhren neuen Herrn

1287 2362 1125 104 Vorſtand in der Ausübung ſeines Amtes alle

1275 2457 1126 115 Unterſtüzung zu gewähren und ihm die Laſt

1294 2564 602 97 deſſelben zu erleichtern.

1382 2655 981 117 Hochgeehrteſter Herr Rector! ich

1294 2764 1080 116 erſuche Sie nunmehr von jezt an den

1290 2859 1095 136 erſten Siz in dem akademiſchen Senat

1297 2990 1119 116 einzunehmen, überhaupt von Jhrem Amte

1289 3087 1072 116 nach allen Theilen Beſiz zu ergreifen,

1288 3199 1089 104 insbeſondere die zum Rectorat gehörige

1284 3307 1105 118 Acten zu übernehmen, und ſowohl der

1284 3404 1132 114 akadem. Jugend, als den — dem akadem.

1283 3525 1097 116 Senat untergeordneten Beamten und
