3807 5349
117 99 79 81 67

613 107 1002 198 II. Tag (Freitag, d. 714.7.99.)

500 311 1267 128 Als wir aufwachten regnete es. Wir mußten

469 388 1267 128 daher im Saale Kaffee trinken. Gegen 9 Uhr hörte

466 470 1278 116 der Regen auf und wir zogen los, zuerst eine

473 537 1259 116 Chaussee, dann einen sehr hübschen Waldweg

470 605 1234 128 entlang, der zu den Hocksteinen führte. Das

467 695 1186 94 sind vorspringende Felsen, von denen man

469 737 1268 123 das gegenüberliegende Hohnstein und das tiefe

465 802 1316 130 Polenzthal sehr schön lieg sieht. Die Stadt und Burg

485 878 1210 129 Hohnstein photographierte ich. Von hier ging es

478 950 1239 104 durch die Wolfsschlucht hinab ins Polenzthal.

475 1029 1270 135 Der Abstieg ist wieder von großartiger Schön„

480 1098 1274 139 heit. Über den schmalen Stufen, die man hinab„

493 1180 1257 118 steigt, treten die Felsen so nah aneinander,

477 1258 1190 85 daß die Schlucht eigentlich einen Tunnel

471 1318 1279 114 bildet; zuletzt biegt sie noch um, so daß man

486 1377 1189 101 am unteren Ende nur eine kleine Höhle

492 1460 1246 86 erblickt, wo d aus der dann plötzlich Men„

509 1507 1182 137 schen zum Vorschein kommen. An dem

497 1586 1247 132 Restaurant zum Polenzthalt gingen wir

494 1657 1264 112 vorbei und traten nun in das wundervolle

504 1732 1222 142 Thal selbst ein. Im Uttewalder Grunde hatte

497 1807 1213 155 ich mir nicht denken können, daß nun noch

502 1904 1177 109 irgend etwas Sehenswertes kommen

506 1990 1179 116 könne. Wie freute ich mich, daß ich mich

500 2045 1241 147 getäuscht hatte. Das eigenartige am Polenz„

505 2124 1159 149 thale ist, daß die hohen, zerklüfteten,

510 2221 1252 138 steilen Felswände dicht bewachsen sind,

495 2302 1221 144 ohne daß jedoch die Bäume, die sich nur

473 2382 1292 141 mit den Wurzeln anklammern, die Felsen

100 604 319 120 Hocksteine.

96 724 302 121 Hohnstein.

112 815 323 116 Polenzthal.

106 957 364 118 Wolfsschlucht.
