3807 5349
1693 63 96 99 68

143 100 1356 112 in ihren merkwürdigen Formen verdecken.

137 184 1278 125 Auf einem Felsen am Wege machten wir

135 265 1290 97 eine kurze Rast. Wir waren schon wieder

127 329 1247 113 etwas müde, als wir in der Walters„

113 398 1306 135 dorfer Mühle anlangten, und das Mit„

138 472 1249 116 tagessen mundete uns vortrefflich. Nach„

121 530 1289 136 dem die unvermeidlichen Ansichtskarten be„

131 639 1290 108 wältigt waren stiegen wir zum Karola„

157 686 1203 132 felsen empor, der eine schöne Aussicht

128 770 1219 131 bietet. Auf dem Abstiege gingen wir

138 833 1230 111 durch die Dianahöhle, ähnlich der Wolfs„

143 910 1246 125 schlucht. Unser Gepäck hatten wir im Hotel

142 986 1200 121 gelassen. Wir holten es jetzt, warteten

145 1061 1159 130 einen kurzen Regen ab und gingen

135 1103 1266 127 auf der andern Seite des Thales weiter.

144 1202 1213 96 Auf dem Wege gaben wir uns aller„

145 1233 1234 182 hand zu rathen auf. So erreichten wir die

135 1329 1251 155 Frinzthalmühle, wo wir Kaffee tranken. Wir

140 1404 1245 151 hatten eigentlich die Absicht, noch heute nach

140 1486 1232 107 Schandau weiterzufahren, besannen uns

109 1568 1192 116 aber anders und mieteten in der reizend

130 1648 1191 136 gelegenen Frinzthalmühle Logis. Nun

154 1731 1224 90 stiegen wir noch auf den Brand, zu dem

163 1798 1124 105 824 Stufen emporführen. Für unsre Mühe

154 1853 1176 110 ward uns eine recht neblige Aussicht;

150 1913 1191 129 man konnte aber doch die Hauptsachen

138 1969 1198 137 erkennen. Wir sahen uns noch die Ha„

149 2067 1182 117 fersäcke an, merkwürdig geformte Stein

150 2121 1184 129 säulen, die aus dem Thale emporragen,

136 2192 1262 109 dann stiegen wir wieder hinab. Nach dem

134 2279 1167 84 Abendbrot spielten wir etwas Skat im

133 2336 930 141 Garten und legten uns schlafen.

1422 321 396 128 Waltersdorfer

1414 411 225 105 Mühle.

1417 604 403 120 Karolafelsen.

1419 792 373 148 Dianahöhle.

1387 1307 438 134 Frinzthalmühle.

1473 1698 251 126 Brand.
