3807 5349
89 82 63 84 1.)

449 239 1037 188 I. Tag (Sonnabend d. 3. VII. 1897)

388 409 1315 154 Wir standen früh zwischen IV und V Uhr auf und

396 508 1287 133 packten noch einige Sachen in den Koffer, wo-

391 576 1288 109 bei uns der Tischler Hunold mit seinem Lehr-

391 666 1309 133 ling half. Gegen VI Uhr stand auch Richard auf

389 757 1342 112 und wir tranken zusammen Kaffee, während

380 832 1362 130 der Tischler das Gepäck auf den Bahnhof schaff-

388 931 1353 92 te. Um ¼7 holte uns die Droschke nach dem Stet-

381 990 1377 101 tiner Bahnhof ab, wo wir nach einer halbstün-

365 1059 1400 132 digen Fahrt ab ankamen. Richard fuhr nicht mit.

372 1146 1369 120 In der Vorhalle trafen wir den Tischler, der schon

369 1233 1390 116 Billets besorgt hatte, aber noch mit dem Gepäck

369 1323 1350 133 beschäftigt war. Als wir endlich um 7,25 auf das

371 1414 1350 122 Perron kamen, war der Zug bereits besetzt. Wir

367 1494 1388 93 wurden von hinten nach vorn und von vorn nach

365 1584 1357 127 hinten geschickt. Schließlich mussten wir auf

363 1669 1374 124 den nächsten Zug warten. Wir fragten verschie-

364 1747 1353 129 dene Zugführer, wann der Zug gehen würde, doch

363 1817 1403 124 jeder gab uns eine andere Zeit an, so daß wir jedoch

376 1887 1415 123 herausbekamen, es müsse noch diesen Vormittag sein.

365 1967 1342 108 Nun setzten wir uns auch in den Zug, welcher

368 2037 1397 126 schon dastand, mußten aber natürlich wieder her-

373 2119 1335 117 raus. Da trafen wir Wüllenwebers, welche nach

365 2193 1385 131 Prerow wollten. Diese fanden sofort ihr bestelltes

371 2304 1350 108 Coupée, fuhren aber mit einer Verspätung von

360 2352 1328 151 über einer halben Stunde ab, während wir
