3807 5349
96 118 84 81 99

402 138 1326 74 Brief von mir an Dr. Bruno Wille nach der Lektüre

548 215 1236 85 seines Werkes: „Offenbarungen d. Wachholderbaums“.

769 290 424 89 vom 7.XII.01.

311 403 626 114 Hochverehrter Hr. Dr.!

497 484 1225 139 Verzeihen Sie mir, bitte, wenn ich es wage,

326 576 1357 121 mich in folgendem persönlich an Sie zu richten.

324 690 1420 93 Ich habe vor einiger Zeit ihr Werk: „Offenbarun„

319 747 1333 116 gen des Wachholderbaums“ mit regster Anteil„

300 820 1416 131 nahme und zu meiner Belehrung gelesen. Ich

281 900 1408 117 bin Ihnen so dankbar dafür, daß ich meine Scheu

285 962 1425 135 überwinde und einige Hauptgedanken, die Sie

299 1053 1382 125 diese Lektüre in mir angeregt oder in neues

316 1139 1369 134 Licht gerückt hat, Ihnen vertrauensvoll aus„

325 1198 1346 147 zusprechen versuchen will; und da ich glaube,

291 1290 1304 153 daß Ihnen nur mit einer ganz offenen,

1461 1252 220 85 rückhaltslosen

1572 1291 135 67 Aus„

275 1386 1464 138 sprache gedient sein kann, so trage ich nicht Beden„

281 1459 1452 133 ken, Ihnen wirklich meine Meinung zu sagen,

283 1541 1449 144 bitte Sie jedoch dabei zu bedenken, daß ich selbst,

275 1656 1412 115 in Anbetracht meiner Unerfahrenheit, meine

279 1692 1407 167 positiven Aussagen nur als bescheidene Bitten

296 1791 1428 147 oder Fragen ansehe. Ich rufe deshalb noch einmal

276 1873 1473 149 im Voraus Ihre gütige Nachsicht an, wenn ich auf

274 1977 1209 124 die äußere Form wenig Gewicht lege.

416 2052 1336 129 Ich habe in Ihrem Werke viele meiner eignen,

260 2115 1469 148 selbstgefundenen Anschauungen bestätigt, und doch

268 2175 1502 169 erst einmal deutlicher gestaltet gefunden. Es ist

253 2312 1521 116 mir gelungen, in mir eine Weltanschauung heran„

249 2360 1458 153 zubilden, die das All im weitesten Umfange
