3808 5349
1653 100 127 75 100

188 149 1442 93 harmonisch als einheitliches Ganzes erkennt. Dazu

184 190 1500 131 gehörte in erster Linie auch die Verwandtschaft von

169 281 1455 91 zwischen Wissenschaft und Kunst, die Sie so glücklich

172 344 1448 129 zu einem abgerundeten, inhaltsreichen Leben zu

166 420 1447 131 vereinigen wissen. Schon oft hatte ich das Gefühl,

173 484 1399 146 daß der Materialismus eines Prof. Haeckel

178 600 1403 110 und anderer eine unzeitige Geburt der Dar„

159 671 1488 125 win'schen Theorie sei, an sich berechtigt, aber nicht

169 738 1447 128 zu voller Entwicklung des Monismus gelangt.

191 839 1529 104 Es wundert mich nicht, daß d. Wort: „Materialist“

172 889 1436 134 in Vieler Munde einen gewissen Beigeschmack

184 979 1603 120 gewonnen hat, nämlich den des Trockenen, Nüchternen,

168 1061 1369 128 Philisterhaften. Gewiß, auch ich neige seinen

166 1153 1389 109 Grundgedanken von ganzer Seele zu, aber er

182 1205 1413 133 darf nur ein Stück der Weltanschauung, nicht

167 1296 1381 115 diese allein ausmachen, falls nicht Monismus

161 1366 1379 139 mit Einseitigkeit statt mit Einheitlichkeit

173 1456 1455 139 übersetzt werden soll. Um der Weltanschauung

176 1545 1440 134 den rechten Saft, den Lebensgehalt, eine rechte

161 1633 1401 123 Dauer zu gewährleisten, um ihr erst die volle

175 1762 1464 95 Gesundheit zu verleihen, muß, auch nach meiner

171 1825 1385 121 Ansicht unbedingt ein poetisches Empfinden

183 1893 1500 135 hinzutreten. Goethe ist ja der glänzendste Beweis

168 1966 1506 148 für ein vollständig ausgestaltetes, harmonisches

171 2053 1504 146 Leben, und sein Leben war wirklich, wie der

153 2163 1438 116 Titel seiner Selbstbiographie besagt: „Dichtung

155 2253 1485 123 und Wahrheit“, Kunst und Wissenschaft, Genuß

155 2344 1513 139 und Studium der Natur. Aber ich glaube, Leute
