3807 5349
103 120 129 82 101

377 136 1364 135 wie Prof. Haeckel können die Natur garnicht

373 222 1357 127 mehr kindlich genießen, wenigstens nicht als

381 321 1352 123 Harmonie: ihnen zerfällt sie unter den Fin„

391 407 1302 101 gern in die vorgeschriebene Einteilung, wie

384 453 1296 111 Gattung, Ordnung, Familie u. s. w. Wie die

360 531 1341 133 Kenntnis der Natur den Genuß unterstützt,

359 607 1344 145 so auch umgekehrt. Ich sah neulich ein Bild

365 682 1255 143 Anakreons, wie er mit seiner Lyra an

367 772 1292 146 einen Baum gelehnt dem Waldesrauschen

364 861 1380 141 horcht. Das ist wahres Künstlerglück, daß

358 939 1358 136 er die Saiten seines Instruments so zu stim„

367 1018 1312 142 men versteht, bis die Naturseele harmonisch

352 1106 1328 131 mitklingt. Und die Kenntnis der Gattungen,

346 1198 1388 139 Familien u. s. w. bedeutet dabei doch nur den

343 1310 1349 107 unterstützenden theoretischen Unterricht, der

329 1374 1440 101 nie ein Selbstzweck sein darf. Es gehört daher

320 1471 1404 113 kein Künstler, sondern einfach ein, wenn ich

300 1544 1413 127 so sagen darf, Seelenmusiker dazu, sich mit

312 1614 1408 142 der Natur in Einklang zu bringen und so sein

323 1715 1353 134 Seelenglück selbst zu schmieden. Zu einer

316 1798 1409 137 volltönenden, guten Musik (ich denke haupt„

320 1867 1371 158 sächlich an Wagner od. Beethoven) gehören

314 1964 1360 149 aber auch die Dissonanzen! Auch der wilde

323 2031 1416 148 Sturm im Naturreich neben der Stille eines

325 2128 1297 140 Waldidylls und dann ferner jede trübe,

349 2199 1424 155 stürmische Zeit im Leben des Menschen müssen

308 2280 1377 152 ihr Teil zur Weltanschauung thun. Wie sich
