3807 5349
1744 90 64 78 6.)

163 199 1401 122 Seite gehen. Als ich ihn los war ging ich zum

155 279 1363 98 Strande hinunter, wo es sehr hübsch aus-

152 343 1351 139 sah, da eine große, schwarze Wolke über

147 448 1357 87 dem Wasser hing. Dann ging ich am Strande

161 512 1379 72 weiter und währenddessen brach die Sonne,

148 557 1333 87 schon ziemlich weit oben, durch die Wolken

120 614 1376 92 und schimmerte an den Wellen wieder. Ich

155 686 1305 112 ging darauf wieder durch die Strand- u.

155 762 1300 118 Labahnstraße zurück nach Hause, wo ich

148 810 1379 140 etwa gegen 5 Uhr ankam. Dort setzte ich

121 914 1366 106 mich auf die Veranda und schrieb den I

126 983 1396 127 Tag in dies Buch ein und fing an etwas zu

124 1084 1426 72 arbeiten. Inzwischen wachten auch die andern

138 1152 1357 106 auf und zogen sich an. Während ich arbeitete

132 1242 1423 71 kam ab und zu eine Rauchschwalbe und zwit-

132 1291 1384 101 scherte, wobei sie das Dach unsrer Veranda

122 1382 1410 96 genau in Augenschein nahm. Da das so aussah

124 1448 1437 73 als wolle sie ein Nest bauen legte ich Watte hin,

121 1521 1398 88 obgleich ich nicht wußte, was sie jetzt noch

122 1572 1426 83 mit einem Nest wollte. Doch merkte ich am

148 1636 1369 124 Vormittag, daß in der Nähe eines Schwalben-

129 1722 1446 67 nestes an der gegenüberliegende Villa ein Spatzen-

122 1786 1365 100 par umherflog, das vielleicht die Schwalben

122 1855 1386 104 verjagt hatte, und war es daher leicht möglich,

121 1919 1418 109 daß die letzteren ein neues Nest bauen woll-

119 2000 1453 85 ten. Als Mama, Bruno u. Erna mit Anziehen

141 2072 1408 121 fertig waren, tranken wir Kaffée und gingen

136 2140 1385 106 zusammen an den Strand, wo Erna und ich im

137 2203 1414 133 Sande gruben, während Mama und Bruno nach

126 2295 1388 117 Bansin gingen. Da es bald anfing zu reg-

120 2375 1339 130 nen, mußten wir wieder nach Hause und

1470 2359 58 64 ich

1440 2415 109 72 ar-
