3807 5349
1646 99 137 106 102

154 126 1513 130 eine Dissonanz in eine Harmonie auflöst, so

155 228 1659 103 sagen Sie ganz recht: Leid ist werdende Freude, natür„

147 289 1437 137 lich wenn man es dazu macht, und dazu ist

155 386 1527 116 eine gewisse Fähigkeit nötig. Goethe schildert

155 478 1454 119 den Vorgang im Tasso: „So klammert sich der

155 524 1507 148 Schiffer noch am Felsen fest, an dem er scheitern

154 644 1512 125 sollte“. Bei Tasso ist es wieder die Dichtergabe,

164 716 1507 131 die ihm diese Fähigkeit verleiht, sich über das

156 799 1564 126 Unglück emporzuschwingen, indem er seinen „Zustand“

177 886 1560 125 durch Dichten in einen „Gegenstand“ umsetzt. Man

168 959 1461 132 muß den Standpunkt finden, von dem aus die

169 1048 1421 117 vorüberziehende Gewitterwolke im schönen

167 1146 1464 110 Gewand des Regenbogens erscheint. Ebenso nun,

168 1199 1580 127 wie Freude u. Leid dasselbe Ding von verschiedenem

191 1284 1470 98 Standpunkt aus darstellt, etwa von oben und

175 1381 1538 113 unten gesehen, ist es auch bei allen übrigen Gegen„

172 1441 1420 119 sätzen: z. B. Körper u. Geist von innen und

158 1510 1483 146 außen (und damit fallen für mich Dualismus u.

169 1590 1469 131 Monismus unter eine Kathegorie), Gut u. Böse

175 1665 1490 158 zu verschiedenen Entwicklungszeiten. Es fragt

158 1759 1493 154 sich nun: Sind Naturstudium u. -Genuß auch

155 1837 1364 150 verschiedene Stadien der Entwicklung oder

155 1940 1264 121 können sie nebeneinander bestehen?

322 2009 1349 135 Nach Ihrer Beschreibung sollte man an„

167 2118 1511 112 nehmen, daß aus dem Naturpoeten der Natur„

175 2180 1518 116 forscher, aus diesem der Naturphilosoph hervor„

191 2311 1441 106 geht. Unzweifelhaft geht ja auch bei allen
