4324 5214
3731 194 205 151 83

549 280 3326 210 Thackeray lese ich mit Behagen u. gelegentlichem Widerstreben,

393 400 3612 227 weil es anstrengt, ständig in einen verzerrenden Hohlspiegel zu

420 542 3556 298 sehen. Aber der Humor ist so liebenswürdig, die Kleinma„

403 733 3637 244 lerei oft so fein, daß ich immer wieder nach d. Buche greife.

421 885 3675 328 Und außerdem hat die Kunst der Karikatur, zu verschimpfieren

373 1044 3587 313 u. dennoch ähnlich zu machen, für mich seit je, besonders

377 1228 2818 263 im Zeichnen, etwas Bewunderungswürdiges.

707 1406 3118 302 29. Oct. Früh ließ ich mir Knochenfunde in d. 2ten

377 1566 3640 278 Stufe am Plateaurande unweit des Lagers zeigen, schoß

412 1760 3475 264 ein Ngorombwe aus d. Ferne an, weil d. nachgelaufene

397 1972 3521 284 Hund eines Boys d. Tier verscheucht hätte, ehe ich näher

412 2134 3444 282 kam. D. Blutspur führte in hohes Gras, wo wir es noch

463 2275 3442 253 2mal aufspringen sahen. Ich ließ mehr Leute kommen

445 2439 3576 334 u. wir fanden es nach langem Suchen noch einmal,

392 2590 3560 299 indessen floh d. arme Tier m. 3 Beinen so schnell, wie

440 2775 2811 318 nur irgend ein Ngorombwe fliehen kann.

680 2949 3077 319 Boheti kehrt in's Lager zurück, endlich! Seine

339 3199 3342 292 Abwesenheit ist ein Teil unsrer Zeit, der uns wirklich

367 3316 2115 316 einmal lang vorgekommen ist.

583 3455 3289 312 30. Oct. 15 Träger mit Lasten nach Lindi abgefertigt,

396 3597 3554 399 da ich höre, daß auf der ersten Safari nichts passiert

382 3776 3643 378 sei. Poschotag. Abermals nehmen an 40 Mann Urlaub

344 3968 2907 286 oder Entlassung. Uns bleiben wenig über 100.

559 4121 3411 263 Sonntag d. 31. Oct. Hatte d. Barappi-Herde am Maimbui auf„

390 4353 3415 320 suchen wollen, aber der Führer bleibt aus. Ging daher mit

410 4488 3397 263 2 Begleitern in d. Schamben u. jenseits des Mtapa, um den

417 4593 3544 368 Einzelgänger zu fassen. Brachte aber wieder nur 1 Schopfperlhuhn

415 4780 3362 243 u. ein paar Tauben mit. Morgens wurden (nicht
