4324 5213
3785 273 260 155 103

454 200 3351 201 Bäumen als vorher. Durch eine kleine Lücke sah ich ein

455 315 3626 235 Tier. Knall! Der Schuß saß im Baume. Den Teufel nochmal!

443 551 3648 143 Knall! Das Tier sprang ein wenig, aber fiel nicht. Näher

439 651 3546 289 heran! Jetzt gingen sie wieder ab und waren nicht gleich

470 779 3496 282 zu finden. Ich aber wollte erst Mittagspause machen, der Zelt„

457 896 3406 343 platz schien mir eine Ewigkeit weit. Nach d. Essen wollte ich

460 1076 3438 302 Leute auf d. Suche schicken, aber d. Himmel war bedeckt, ich

471 1218 3554 343 ging selbst mit einigem Gefolge. Erst d. Spuren verfolgt; sie führ„

488 1408 3422 321 ten hinunter an d. See, aber am hellen Mittag war hier im

467 1578 3547 337 Tal u. an d. Verkehrsstraße nichts zu erwarten (Später erfuhr

463 1748 3604 306 ich, daß d. Herde in d. Tat das Tal gekreuzt hatte!) Wir suchten

500 1927 3355 254 lange u. sahen endlich an weit entlegner Stelle 2 Tiere

491 2129 3461 248 aufspringen; eins hinkte stark u. bekam noch einen Schuß.

508 2331 3471 282 Jetzt glaubte ich es zu haben, sprang heran u. sah es eiligst

501 2461 3527 307 verschwinden. Wieder große Streife, endlich sah es Ali schwer

492 2626 3390 353 angeschossen, ich konnte es mit einigen Schüssen erlegen.

464 2805 3578 379 Ein prächtiges Tier in seinem silbergrauen Fell! Inzwischen

504 3050 3407 308 waren Hartebeester gesichtet worden, vielleicht war da

493 3245 3474 302 mehr Ruhm zu ernten. Ich glaube noch einem von diesen

550 3390 3530 324 Tieren d. Fuß zerschossen zu haben, was mir d. Erinnerung

516 3611 3361 265 an mein Wüsten noch peinlicher machte, scheuchte d.

513 3724 3420 275 Tiere noch mehrmals auf u. mußte dann umkehren,

488 3951 1806 255 weil die Sonne unterging.

737 4080 3252 311 In d. Talhängen ragte aus d. roten Sanden, die ich jetzt

511 4217 3516 338 seit Tagen durchwanderte, eine feste Bank hervor, die scharf

494 4412 3490 245 in eine obere gelbe u. untere rote Hälfte gegliedert war

465 4639 3427 198 (auch große 2-farbige Blöcke waren herausgebrochen) u. schwache

515 4697 2169 303 Neigung nach S od. SO zu haben schien.
