4324 5213
3688 179 282 160 161

436 236 3563 386 fast war es im Schatten des kühlen Hauses beinah zu kühl.

571 433 3492 297 Auf einem Abendspaziergang wollte ich einen andern Weg

493 591 3606 314 gehen u. kam in ein menschenleeres Tal. Die Dunkel„

428 749 3525 379 heit stürzte förmlich herein u. nur ein Dauerlauf

474 914 3543 402 auf gleichem Wege zurück schützte mich vor einer Nacht

432 1082 3545 326 im Freien Nun war mir warm. Die Leute gehen hier

456 1271 2958 365 allenthalben öffentlich mit Pfeil u. Bogen.

597 1486 3302 280 9. Marsch nach Matschewa. Erst ein Seitental aufwärts

529 1727 3346 251 bis zur Wasserscheide, dann ständig abwärts, z. T. recht

516 1846 3484 312 steil. Ein gewaltiger Weg. Ein Jumbe zeigte mir einen

522 1999 3282 328 Strauch, aus dem sie ihr Pfeilgift machen, er nannte

525 2187 3368 323 ihn mchungu, den bittern. Schöne Gebirgsbilder, doch als

526 2355 3388 289 der Weg kein Ende nahm, verlor er an Reiz. Ich war

560 2541 3528 296 zuletzt ganz auffällig matt. Bötzow setzte mir „Weißbier“

543 2721 3376 271 (Sekt) vor, das in der Tat gute Dienste tat. Das imposante

596 2916 3385 285 geschmackvolle u. mit sehr reichen Mitteln ausgestattete

554 3039 3473 325 Gebäude liegt schön an höchster Stelle der Gummipflan„

564 3203 3225 346 zung mit den Blick auf einige  nahe gewaltige

578 3426 3289 244 Bergspitzen, die steil aus der Ebene aufsteigen. Nach

572 3568 3318 255 d. andern Seite hin beginnt bei Sümpfen die breite

539 3738 3362 285 Senke, welche  Ost- u. West-Usambara trennt. als un„

598 3946 3423 221 deutliches Tal. Auf einem Spaziergang Bogenschießen mit

530 4075 3386 297 Kindern veranstaltet. Die Künste waren nicht groß.

567 4294 3348 218 Auch Bötzow's Fahrrad benutzt, aber in d. Tropen doch

547 4377 3593 289 ein zweifelhafter Genuß. Sehr nett aufgenommen, leider

542 4527 3265 245 wieder arge Verdauungsstörungen in d. Nacht vor dem

515 4726 515 270 Abmarsch.
