4324 5213
244 200 227 208 20

537 191 3300 376 ist mir die Entfernung von hier zum Tendaguru,

495 405 3447 371 zwischen 2 u. 8 Stunden angegeben worden, so daß

502 666 3432 263 ich mich auf d. eigenen Blick angewiesen fühle.

459 843 3304 253 Die hiesigen Wandonde können Stunden nicht

535 1077 3435 237 anders angeben als durch Bezeichnen der betr.

459 1251 3343 329 Sonnenhöhe, eine neben der Zahlangabe an„

516 1404 2916 392 scheinend allgemein geübter Brauch.

669 1621 3129 348 4. Mai. Schickte d. Träger u. Boy's voraus. Mit Boheti zur

399 1899 3373 347 Knochenfundstelle. Fand erst nach einigem Suchen auch das

392 2079 3551 307 Gestein d. Saurierschicht. D. Fund ist von bedeutendem Interesse.

415 2212 3493 316 Um 8 zurück, sofort weiter zum Kerani Ligoma, wo die

374 2380 3461 377 Leute noch lagerten. Auf d. Wege meist durch Mtama-

411 2564 3318 292 Pflanzungen, zur Rechten d. Namunda-Plateau. Die

347 2713 3634 316 Flüsse heißen größtenteils nach d. Ursprungsort, also Namyura

358 2867 3644 344 u. Namunda. Einzelne haben eigene Namen: Vom Namyura

336 3036 3433 303 kommt d. , der durch Bifurcation eine lange Insel

342 3172 3430 311 bildet, zw. Namyura u. Namunda entspringt d. Ubolelo.

322 3347 3505 369 Hinter d. Kerani folgten Mwanje, Namungu (od. Namunda?)

333 3557 3625 310 u. d. Sammelstrom Kipande, der weiter aufwärts d. Mahim-

375 3681 3388 322 bui aufnimmt. Keiner führt mehr Wasser. Beim Kerani

339 3838 3456 325 um 10, nur wenige Minuten Aufenthalt, in 1½ Std. zum

326 4065 3431 297 Lager auf fürchterlichen Wegen. Führer werden stets ohne

321 4160 3580 311 Aufforderung gestellt. Zu Haus finde ich Dr. Janensch krank;

342 4356 2959 338 ich hatte uns über d. Fieberzeit hinweg geglaubt.

573 4453 3437 326 Nachm. Zeitungen. Lohnzahlungen. Im Graben eine riesiger

315 4713 1849 244 Knochen inzwischen aufgedeckt.
