4324 5213
327 195 271 181 162

434 231 3485 294 12. April: Mit Hrn. v. Leckow, der gestern in kleinem, aber

409 384 3479 278 breitem zweirädrigen Wagen eingetroffen, nach Tanga auf„

452 557 3466 318 gebrochen. Bötzow stellte uns Tragstühle, die mir wenig

460 705 3328 324 behagten, die ich aber bei meinem Zustande meist

447 862 3465 305 benutzen mußte. Zu Abend u. Nacht gingen wir von

459 1002 3282 323 Leckow verleitet, nach hiesigem Brauch einfach auf

452 1159 3489 354 eine Europäer-Pflanzung Buiti am Ostfuß des Gebirges,

468 1385 3225 219 wo ich mich wenig behaglich fühlte. O diese erbärmlichen

466 1529 3425 305 Hütten mancher Pflanzer. Sie leben wahrlich nicht in

450 1726 3344 237 Saus u. Braus. Den armen Leuten hatte außerdem

464 1852 3479 318 starker Windbruch Schaden getan. Auffälligerweise wa„

438 2033 3534 288 ren die Gummibäume sämtlich dicht unter der Krone

484 2225 3452 231 abgebrochen u. die kahlen Stämme boten ein jäm„

496 2328 3421 349 merliches Bild. In afrikanischer Gastfreiheit aufgenom„

504 2611 392 215 men.

572 2695 3169 289 13. April. Weitermarsch bis Tanga, gleichfalls eine

531 2867 3113 293 starke Strecke. Bei Sombero über eine weite freie

544 3006 3112 324 Fläche. Bald darauf in (anscheinend Karroo?) unbekannte,

542 3227 2322 311 fossilleere Sedimente. Wieder getragen.

752 3357 3157 285 Abends noch an Bord, doch zum Konzert der berühm„

516 3510 3368 256 ten Schülerkapelle wieder an Land. Erstaunliche Leistungen,

549 3658 3392 319 wenn wir auch nicht bestätigt fanden, daß sie besser als

499 3824 3027 333 die Daressalaamer Militärkapelle sei. Regen.

643 4005 3145 365 14. April. Wieder an Bord eines Hauptdampfers,

503 4173 3465 380 für die Boys gab es zu staunen. Fahrt nach Zanzibar.

506 4396 3316 281 Der Ort ist recht interessant, aber mir ja bekannt u.

448 4526 3492 316 so unsympathisch, daß ich an Bord blieb u. Zauberkünstler

466 4739 754 253 bewunderte.
