<?xml version="1.0" encoding="UTF-8"?>
<alto xmlns:xsi="http://www.w3.org/2001/XMLSchema-instance"
      xmlns="http://www.loc.gov/standards/alto/ns-v2#"
      xmlns:page="http://schema.primaresearch.org/PAGE/gts/pagecontent/2013-07-15"
      xsi:schemaLocation="http://www.loc.gov/standards/alto/ns-v2# http://www.loc.gov/standards/alto/alto.xsd">
   <Description>
      <MeasurementUnit>pixel</MeasurementUnit>
      <OCRProcessing ID="IdOcr">
         <ocrProcessingStep>
            <processingDateTime>2021-02-02T09:45:43.583+01:00</processingDateTime>
            <processingSoftware>
               <softwareCreator>READ COOP</softwareCreator>
               <softwareName>Transkribus</softwareName>
            </processingSoftware>
         </ocrProcessingStep>
      </OCRProcessing>
   </Description>
   <Layout>
      <Page ID="Page1" PHYSICAL_IMG_NR="1" HEIGHT="5213" WIDTH="4324">
         <TopMargin HEIGHT="0" WIDTH="4324" VPOS="0" HPOS="0"/>
         <LeftMargin HEIGHT="5213" WIDTH="0" VPOS="0" HPOS="0"/>
         <RightMargin HEIGHT="5213" WIDTH="0" VPOS="0" HPOS="4324"/>
         <BottomMargin HEIGHT="0" WIDTH="4324" VPOS="5213" HPOS="0"/>
         <PrintSpace HEIGHT="5213" WIDTH="4324" VPOS="0" HPOS="0">
            <TextBlock ID="TextRegion_1582885403106_1698"
                       HEIGHT="4758"
                       WIDTH="3693"
                       VPOS="223"
                       HPOS="338">
               <Shape>
                  <Polygon POINTS="338,223 448,223 4031,239 4031,4981 453,4981 338,386"/>
               </Shape>
               <TextLine ID="TextRegion_1582885403106_1698l2"
                         BASELINE="388"
                         HEIGHT="176"
                         WIDTH="118"
                         VPOS="212"
                         HPOS="340">
                  <String ID="string_TextRegion_1582885403106_1698l2"
                          HEIGHT="176"
                          WIDTH="118"
                          VPOS="212"
                          HPOS="340"
                          CONTENT="40"/>
               </TextLine>
               <TextLine ID="line_1582885586496_1711"
                         BASELINE="461"
                         HEIGHT="288"
                         WIDTH="3569"
                         VPOS="173"
                         HPOS="473">
                  <String ID="string_line_1582885586496_1711"
                          HEIGHT="288"
                          WIDTH="3569"
                          VPOS="173"
                          HPOS="473"
                          CONTENT="auch etwas gesehen haben. Ganz bedeckter Himmel,"/>
               </TextLine>
               <TextLine ID="TextRegion_1582885403106_1698l4"
                         BASELINE="487"
                         HEIGHT="205"
                         WIDTH="1217"
                         VPOS="282"
                         HPOS="2186">
                  <String ID="string_TextRegion_1582885403106_1698l4"
                          HEIGHT="205"
                          WIDTH="1217"
                          VPOS="282"
                          HPOS="2186"
                          CONTENT="sogar Regen sichtbar."/>
               </TextLine>
               <TextLine ID="TextRegion_1582885403106_1698l5"
                         BASELINE="643"
                         HEIGHT="243"
                         WIDTH="3217"
                         VPOS="400"
                         HPOS="733">
                  <String ID="string_TextRegion_1582885403106_1698l5"
                          HEIGHT="243"
                          WIDTH="3217"
                          VPOS="400"
                          HPOS="733"
                          CONTENT="21. Juli: Immer noch größtenteils bedeckt. Es hat"/>
               </TextLine>
               <TextLine ID="TextRegion_1582885403106_1698l6"
                         BASELINE="754"
                         HEIGHT="225"
                         WIDTH="3087"
                         VPOS="529"
                         HPOS="481">
                  <String ID="string_TextRegion_1582885403106_1698l6"
                          HEIGHT="225"
                          WIDTH="3087"
                          VPOS="529"
                          HPOS="481"
                          CONTENT="wieder mit Neumond ein kleiner Umschwung"/>
               </TextLine>
               <TextLine ID="TextRegion_1582885403106_1698l7"
                         BASELINE="995"
                         HEIGHT="273"
                         WIDTH="931"
                         VPOS="722"
                         HPOS="447">
                  <String ID="string_TextRegion_1582885403106_1698l7"
                          HEIGHT="273"
                          WIDTH="931"
                          VPOS="722"
                          HPOS="447"
                          CONTENT="stattgefunden."/>
               </TextLine>
               <TextLine ID="TextRegion_1582885403106_1698l8"
                         BASELINE="1022"
                         HEIGHT="223"
                         WIDTH="3282"
                         VPOS="799"
                         HPOS="547">
                  <String ID="string_TextRegion_1582885403106_1698l8"
                          HEIGHT="223"
                          WIDTH="3282"
                          VPOS="799"
                          HPOS="547"
                          CONTENT="Bei einer Streife durch's Pori östl. d. Tendaguru"/>
               </TextLine>
               <TextLine ID="TextRegion_1582885403106_1698l9"
                         BASELINE="1236"
                         HEIGHT="264"
                         WIDTH="3608"
                         VPOS="972"
                         HPOS="410">
                  <String ID="string_TextRegion_1582885403106_1698l9"
                          HEIGHT="264"
                          WIDTH="3608"
                          VPOS="972"
                          HPOS="410"
                          CONTENT="sehe ich eigentlich zum ersten Mal weitere Strecken"/>
               </TextLine>
               <TextLine ID="TextRegion_1582885403106_1698l10"
                         BASELINE="1415"
                         HEIGHT="275"
                         WIDTH="3556"
                         VPOS="1140"
                         HPOS="485">
                  <String ID="string_TextRegion_1582885403106_1698l10"
                          HEIGHT="275"
                          WIDTH="3556"
                          VPOS="1140"
                          HPOS="485"
                          CONTENT="der Saurier-Schichten ohne d. geringsten Knochensplitter."/>
               </TextLine>
               <TextLine ID="TextRegion_1582885403106_1698l11"
                         BASELINE="1698"
                         HEIGHT="365"
                         WIDTH="3327"
                         VPOS="1333"
                         HPOS="685">
                  <String ID="string_TextRegion_1582885403106_1698l11"
                          HEIGHT="365"
                          WIDTH="3327"
                          VPOS="1333"
                          HPOS="685"
                          CONTENT="22. Juli: Morgens ½6 Aufbruch m. 13 Mann, 2 Boys u."/>
               </TextLine>
               <TextLine ID="TextRegion_1582885403106_1698l12"
                         BASELINE="1799"
                         HEIGHT="355"
                         WIDTH="3582"
                         VPOS="1444"
                         HPOS="445">
                  <String ID="string_TextRegion_1582885403106_1698l12"
                          HEIGHT="355"
                          WIDTH="3582"
                          VPOS="1444"
                          HPOS="445"
                          CONTENT="Koch. Barrabarra bis Matapua. Hei wie das schmeckt,"/>
               </TextLine>
               <TextLine ID="TextRegion_1582885403106_1698l13"
                         BASELINE="1914"
                         HEIGHT="299"
                         WIDTH="3419"
                         VPOS="1615"
                         HPOS="444">
                  <String ID="string_TextRegion_1582885403106_1698l13"
                          HEIGHT="299"
                          WIDTH="3419"
                          VPOS="1615"
                          HPOS="444"
                          CONTENT="die Erde wieder unter d. Füßen sich drehen zu lassen"/>
               </TextLine>
               <TextLine ID="TextRegion_1582885403106_1698l14"
                         BASELINE="2092"
                         HEIGHT="313"
                         WIDTH="3482"
                         VPOS="1779"
                         HPOS="495">
                  <String ID="string_TextRegion_1582885403106_1698l14"
                          HEIGHT="313"
                          WIDTH="3482"
                          VPOS="1779"
                          HPOS="495"
                          CONTENT="u. d. Landschaften in bunter Reihe vorüber ziehen"/>
               </TextLine>
               <TextLine ID="TextRegion_1582885403106_1698l15"
                         BASELINE="2302"
                         HEIGHT="396"
                         WIDTH="2973"
                         VPOS="1906"
                         HPOS="484">
                  <String ID="string_TextRegion_1582885403106_1698l15"
                          HEIGHT="396"
                          WIDTH="2973"
                          VPOS="1906"
                          HPOS="484"
                          CONTENT="zu sehen! Mit Sefu voraus um Wild zu erspähen."/>
               </TextLine>
               <TextLine ID="TextRegion_1582885403106_1698l16"
                         BASELINE="2427"
                         HEIGHT="335"
                         WIDTH="3236"
                         VPOS="2092"
                         HPOS="611">
                  <String ID="string_TextRegion_1582885403106_1698l16"
                          HEIGHT="335"
                          WIDTH="3236"
                          VPOS="2092"
                          HPOS="611"
                          CONTENT="Am Mtapa-Fluß d. mir schon bekannten, dickbankigen"/>
               </TextLine>
               <TextLine ID="TextRegion_1582885403106_1698l17"
                         BASELINE="2598"
                         HEIGHT="445"
                         WIDTH="3573"
                         VPOS="2153"
                         HPOS="439">
                  <String ID="string_TextRegion_1582885403106_1698l17"
                          HEIGHT="445"
                          WIDTH="3573"
                          VPOS="2153"
                          HPOS="439"
                          CONTENT="grünlichen, oben gelblichen (Verwitterungsprodukt?) Sandstei„"/>
               </TextLine>
               <TextLine ID="TextRegion_1582885403106_1698l18"
                         BASELINE="2661"
                         HEIGHT="344"
                         WIDTH="3572"
                         VPOS="2317"
                         HPOS="450">
                  <String ID="string_TextRegion_1582885403106_1698l18"
                          HEIGHT="344"
                          WIDTH="3572"
                          VPOS="2317"
                          HPOS="450"
                          CONTENT="ne, von denen nicht recht zu sehen ist, ob sie tatsächlich,"/>
               </TextLine>
               <TextLine ID="TextRegion_1582885403106_1698l19"
                         BASELINE="2872"
                         HEIGHT="397"
                         WIDTH="3543"
                         VPOS="2475"
                         HPOS="435">
                  <String ID="string_TextRegion_1582885403106_1698l19"
                          HEIGHT="397"
                          WIDTH="3543"
                          VPOS="2475"
                          HPOS="435"
                          CONTENT="wie mir scheint, unter den Saurierschichten liegen. Letz„"/>
               </TextLine>
               <TextLine ID="TextRegion_1582885403106_1698l20"
                         BASELINE="2974"
                         HEIGHT="320"
                         WIDTH="3603"
                         VPOS="2654"
                         HPOS="418">
                  <String ID="string_TextRegion_1582885403106_1698l20"
                          HEIGHT="320"
                          WIDTH="3603"
                          VPOS="2654"
                          HPOS="418"
                          CONTENT="tere folgen d. Straße weiter, es folgt ein langer N.N.O."/>
               </TextLine>
               <TextLine ID="TextRegion_1582885403106_1698l21"
                         BASELINE="3156"
                         HEIGHT="351"
                         WIDTH="3339"
                         VPOS="2805"
                         HPOS="418">
                  <String ID="string_TextRegion_1582885403106_1698l21"
                          HEIGHT="351"
                          WIDTH="3339"
                          VPOS="2805"
                          HPOS="418"
                          CONTENT="streichender Absturz oder Stufe gleichfalls aus ihnen"/>
               </TextLine>
               <TextLine ID="TextRegion_1582885403106_1698l22"
                         BASELINE="3232"
                         HEIGHT="315"
                         WIDTH="3437"
                         VPOS="2917"
                         HPOS="437">
                  <String ID="string_TextRegion_1582885403106_1698l22"
                          HEIGHT="315"
                          WIDTH="3437"
                          VPOS="2917"
                          HPOS="437"
                          CONTENT="bestehend u. oben m. Mikindani(?)-Geröllen bedeckt. Auf"/>
               </TextLine>
               <TextLine ID="TextRegion_1582885403106_1698l23"
                         BASELINE="3412"
                         HEIGHT="262"
                         WIDTH="3525"
                         VPOS="3150"
                         HPOS="463">
                  <String ID="string_TextRegion_1582885403106_1698l23"
                          HEIGHT="262"
                          WIDTH="3525"
                          VPOS="3150"
                          HPOS="463"
                          CONTENT="noch höherem Niveau immer noch m. gleichem Boden fand"/>
               </TextLine>
               <TextLine ID="TextRegion_1582885403106_1698l24"
                         BASELINE="3596"
                         HEIGHT="347"
                         WIDTH="3489"
                         VPOS="3249"
                         HPOS="446">
                  <String ID="string_TextRegion_1582885403106_1698l24"
                          HEIGHT="347"
                          WIDTH="3489"
                          VPOS="3249"
                          HPOS="446"
                          CONTENT="ich einen fossilführenden Block vereinzelt (vielleicht in d."/>
               </TextLine>
               <TextLine ID="TextRegion_1582885403106_1698l25"
                         BASELINE="3794"
                         HEIGHT="398"
                         WIDTH="3526"
                         VPOS="3396"
                         HPOS="469">
                  <String ID="string_TextRegion_1582885403106_1698l25"
                          HEIGHT="398"
                          WIDTH="3526"
                          VPOS="3396"
                          HPOS="469"
                          CONTENT="Gerölle gehörig. Bald darauf entdeckte ich ein Ngorom-"/>
               </TextLine>
               <TextLine ID="TextRegion_1582885403106_1698l26"
                         BASELINE="3875"
                         HEIGHT="341"
                         WIDTH="3436"
                         VPOS="3534"
                         HPOS="447">
                  <String ID="string_TextRegion_1582885403106_1698l26"
                          HEIGHT="341"
                          WIDTH="3436"
                          VPOS="3534"
                          HPOS="447"
                          CONTENT="bwe im Busch, dessen Gras abgebrannt war, folgte"/>
               </TextLine>
               <TextLine ID="TextRegion_1582885403106_1698l27"
                         BASELINE="4081"
                         HEIGHT="359"
                         WIDTH="3443"
                         VPOS="3722"
                         HPOS="546">
                  <String ID="string_TextRegion_1582885403106_1698l27"
                          HEIGHT="359"
                          WIDTH="3443"
                          VPOS="3722"
                          HPOS="546"
                          CONTENT="ihm ein Stück, eilte aber zurück, als ich großes Geschrei"/>
               </TextLine>
               <TextLine ID="TextRegion_1582885403106_1698l28"
                         BASELINE="4243"
                         HEIGHT="407"
                         WIDTH="3281"
                         VPOS="3836"
                         HPOS="597">
                  <String ID="string_TextRegion_1582885403106_1698l28"
                          HEIGHT="407"
                          WIDTH="3281"
                          VPOS="3836"
                          HPOS="597"
                          CONTENT="hörte; ich glaubte ein Chui hätte mir d. Braten"/>
               </TextLine>
               <TextLine ID="line_1582885604566_1716"
                         BASELINE="4431"
                         HEIGHT="346"
                         WIDTH="3239"
                         VPOS="4085"
                         HPOS="533">
                  <String ID="string_line_1582885604566_1716"
                          HEIGHT="346"
                          WIDTH="3239"
                          VPOS="4085"
                          HPOS="533"
                          CONTENT="weggeschnappt. Bald sahen wir aber eine"/>
               </TextLine>
               <TextLine ID="TextRegion_1582885403106_1698l31"
                         BASELINE="4543"
                         HEIGHT="375"
                         WIDTH="3464"
                         VPOS="4168"
                         HPOS="527">
                  <String ID="string_TextRegion_1582885403106_1698l31"
                          HEIGHT="375"
                          WIDTH="3464"
                          VPOS="4168"
                          HPOS="527"
                          CONTENT="große lärmende Schar alter u. junger Hundsaffen,"/>
               </TextLine>
               <TextLine ID="TextRegion_1582885403106_1698l32"
                         BASELINE="4675"
                         HEIGHT="351"
                         WIDTH="3552"
                         VPOS="4324"
                         HPOS="471">
                  <String ID="string_TextRegion_1582885403106_1698l32"
                          HEIGHT="351"
                          WIDTH="3552"
                          VPOS="4324"
                          HPOS="471"
                          CONTENT="deren einer ein kl. schwarzes Tier im Maule schlepp„"/>
               </TextLine>
               <TextLine ID="TextRegion_1582885403106_1698l33"
                         BASELINE="4838"
                         HEIGHT="297"
                         WIDTH="3375"
                         VPOS="4541"
                         HPOS="446">
                  <String ID="string_TextRegion_1582885403106_1698l33"
                          HEIGHT="297"
                          WIDTH="3375"
                          VPOS="4541"
                          HPOS="446"
                          CONTENT="te. Jetzt entdeckten wir auch d. Wild wieder ganz"/>
               </TextLine>
               <TextLine ID="TextRegion_1582885403106_1698l34"
                         BASELINE="5030"
                         HEIGHT="298"
                         WIDTH="3506"
                         VPOS="4732"
                         HPOS="503">
                  <String ID="string_TextRegion_1582885403106_1698l34"
                          HEIGHT="298"
                          WIDTH="3506"
                          VPOS="4732"
                          HPOS="503"
                          CONTENT="nahe d. Wege offenbar eingeschüchtern durch d. Aufschreien"/>
               </TextLine>
            </TextBlock>
         </PrintSpace>
      </Page>
   </Layout>
</alto>
