4325 5213
3805 199 135 143 71

2817 191 664 152 Newala-Sandstein

413 241 3698 247 ausschließlich aus d. festen, roten, porphyrähnlichen Gestein oder

430 365 3634 325 weißen Quarzblöcken bestehend. Ich vermochte nicht zu

414 590 3602 219 erkennen, ob sie die Anhöhe umhüllen oder selber auf„

405 700 3595 319 bauen. Hübsche Blicke nach N. u. W. Viele kleine Pfade

410 872 3549 313 in dieser menschenleeren Gegend u. zwar nicht nur

404 1013 3695 260 niegegangene, wie Ali behauptete, denn ich sah beiseite

393 1216 3540 316 geräumte u. durchgehauene Bambusstauden, die erst

407 1369 3613 343 in diesem Jahre hinübergefallen sein sein können; diese

412 1542 3465 333 Spuren kann ich nicht nur auf Wild zurückführen.

431 1697 3705 340 Heut nicht ein Stück, auch keine frischen Spuren gesehen.

690 1946 3233 252 Zeitungen u. Stanley gelesen, letzterer enttäuscht

443 2146 3364 226 mich ein wenig, ich fühle den Zeitungsschreiber und

444 2254 3630 283 werde verstimmt. Die Lagerruhe am Sonntag unendlich

489 2401 3387 335 behaglich u. wohltuend, aber im Augenblick ist der

508 2569 2420 328 Tag herum. Ich täte so gern noch mehr.

846 2755 3179 227 26. Sept. Morgens in d. alten Schamben ein Mba-

487 2958 3243 276 wala geschossen, und Vegetationsbilder photographiert.

562 3079 3455 334 Nach Tisch Meldung von Barappis am Wege nach Mtapaia.

508 3297 3490 284 Sogleich aufgemacht u. bald gefunden. Ich ließ Janensch

526 3461 3477 270 d. ersten Schuß tun, konnte aber selbst noch 2 mal

502 3586 3443 294 schießen, ehe die Herde, bei der viel bräunliche hell

504 3737 3606 288 gefärbte Junge, abging. Mein erster Schuß hatte getroffen,

546 3889 3461 306 d. Tier fiel 2 mal zusammen. Nun gingen wir nach u.

515 4059 3571 322 fanden eine gute Strecke weiter ein verendetes. Nach

519 4249 3530 295 d. Schußkanal glaubten wir, daß es Janensch's Beute sei

525 4451 3462 224 doch scheint mir nachträglich d. Sache nicht recht sicher.

526 4589 3585 249 Ich traf sie später noch einmal u. erlegte ein weiteres,

533 4793 3412 236 bin freilich nicht sehr stolz darauf, da ich nur durch Zufall
