4324 5213
3663 142 248 193 113

436 254 3592 311 fangen. Dann sah ich einmal vorn unter einem Baum

425 440 3498 307 etwas Schwarzes. Auch mein Begleiter war nicht sicher, ob

429 628 3582 280 es ein Tier war, und da ich schon so oft durch Baumstäm„

453 782 3400 213 me oder Blätter getäuscht bin, bewegte ich mich ohne

414 983 3443 265 besondere Vorsicht, um besser sehen zu können. Da ging

447 1109 3524 298 mit Schnauben ein schöner Einzelgänger davon. Nachher

469 1273 3436 255 konnte ich 1 Tier der Herde, die nur aus Weibchen

471 1450 3537 288 zu bestehen schien, erlegen. Damit ist mein Blutdurst

490 1608 3321 229 einstweilen gestillt. Ich habe als Anfänger eine ganz

521 1784 3485 283 hübsche Zahl verschiedener Großwildschädel erbeutet. Eigent„

495 1962 3307 299 lich komme ich mir bei dem Töten als ein ganz

511 2181 3507 266 wildes Raubtier vor. Das Wetter war angenehm, der

502 2327 3573 230 Himmel zeitweilig bedeckt, aber wie in d. beiden

540 2481 3534 337 vorhergehenden Weihnachtstagen kein Regen. Gegen

537 2652 805 321 12 zu Haus.

749 2906 2875 261 Legte mich nach Tisch auf's Bett, um mich ein

576 3009 3326 338 wenig zu strecken u. d. Fliegen zu entgehen. Keine

566 3241 3352 268 Spur von Müdigkeit. Nach kurzer Zeit merkte ich, wie

536 3415 3249 283 sich Fieber einstellte. Bei 39,7° befand ich mich noch

532 3568 3451 306 immer vollkommen wohl. Dann fiel es allmäh„

536 3746 3277 335 lich während der Nacht, besonders infolge starken

606 3954 669 338 Schwitzens.

652 4145 3063 319 In d. Nacht ein schönes starkes Gewitter mit

576 4325 3428 318 vorangehendem Sturm. Merkwürdig dumpfe. Donner,

551 4511 1082 314 wie unterirdisch.
