4324 5213
365 239 156 147 88

419 206 3487 334 mein Wunsch war, da er wieder allerlei kleine, aber

427 439 3426 210 täglich Ungeschicklichkeiten u. Unterlassungssünden begeht,

426 569 1553 337 für Ende des Monats.

2034 506 1918 198 Abds. d. Oolith im S. d. Lagers besichtigt da„

1979 628 1988 133 runter in Trigonien-Konglomerat meh„

1983 734 1705 166 rere hübsche Schnecken in einem Block.

714 819 3216 172 Bei d. großen Knochen nördl. d. Tendaguru finden

515 973 3443 228 sich eine ganze Anzahl sehr kleiner Extremitätenteile

478 1072 3199 221 ein. Also auch hier 2 Skelette? Es ist fast lächerlich.

382 1224 2184 195 D. Dornranken haben heut bereits abgeblüht.

652 1232 3269 291 9. Nov. Morgens nach Mtapaia, Besichtigungen, auf

548 1494 840 249 d. Wege nach

1074 1460 315 123 zum

1344 1468 2345 267 Liwengwa scheint mir ein neues

580 1675 2888 194 „Skelett“ ausgegraben werden zu können.

732 1771 3062 343 Es lagern schon wieder über 150 fertige Lasten,

559 1951 3365 235 wir haben gestern zum Liwali geschickt u. für jeden

515 2057 3109 311 Montag 50 Mann bestellt. Ob's reichen wird?

734 2228 2897 289 Skelett am Wege zum Karani Ligoma in Angriff

553 2471 705 209 genommen.

757 2487 3195 271 Sefu bittet bereits morgen entlassen zu werden, vielleicht

555 2693 3231 209 ein Versuchsballon. Ich gehe aber mit Freuden darauf ein

576 2774 3234 290 u. nehme einen sehr niedlichen u. in d. französ. Mission

581 2899 3291 317 vortrefflich erzogenen Wangoni-Jungen Wilhelm dafür an.

673 3066 3206 292 10. Nov. Morgens in d Schamben ein Sehr ein Schwein (mbango) ge„

517 3326 394 252 schossen.

687 3459 2144 232 10. Nov. Bei d. großen Knochen nördl.

2418 3344 527 165 nordwestl.

2786 3427 1093 214 d. Tendaguru kom„

526 3553 3413 274 men täglich gute kleinere Funde zum Vorschein; wieder

514 3730 1999 245 einmal mindestens 2 Skelette.

641 3812 3320 272 11. Nov. Befund am „Ligomasaurus“ selbst noch mangel„

518 4006 3337 303 haft, doch in d. Nähe ein Femur in höherem Horizont

502 4126 3414 350 gefunden u. nach d. Besichtigung heut in tieferer Schicht

512 4308 1904 301 ein gleichfalls guter Humerus.

664 4455 3056 306 Janensch's Geburtstag. Wir feierten ihn wieder

466 4641 3487 238 mit Sekt, Weißwein, Kaviar u. s. w. auf d. Tendaguru-Gipfel.
