4324 5213
336 181 166 169 48

432 173 3289 274 mich hinauf. Hier seltsamerweise, fern vom Wasser

439 344 3391 262 Schopfperlhühner, auch ein gerupftes u. in Anbetracht der

462 410 3554 353 gestrigen Nähe des Löwen etwas unsympathisches. Oben

428 548 3365 363 alles verwachsen, mein Träger machte mich auf die

447 692 3323 393 Gummiliane aufmerksam. Offenbar war es kein

413 865 3553 378 schmaler Rücken, sondern ein breites Plateau, also

450 1054 3406 292 nach kurzer Rast zurück. Unterhalb der Höhe etwas

433 1207 3491 292 Durchblick auf den Kranz von Plateaus, in dessen

433 1347 3474 343 Mittelpunkt der Tendaguru aus einer scheinbaren Ebene

460 1537 3361 304 wie ein Basaltkegel aus einem Einbruchskessel

471 1666 3454 395 herausragte. Die Erscheinung der beiden Plateaustufen

461 1864 3472 294 innerhalb des gleichen Gesteins ist mir ohne (u. ei„

520 1998 3438 332 gentlich auch mit) Annahme tektonischer Störungen schwer

474 2155 3489 279 verständlich. Eine Abrasionsterrasse müßte doch auch

464 2330 3497 282 Ablagerungen des Meeres aufweisen, diese aber hier

438 2462 3302 311 trägt nur Dünensand, wenigstens das Material

427 2605 3555 320 dazu; ein Wasserriß, beginnt nur eben einzuschneiden

446 2786 3379 350 u. entwässert nach O., vielleicht dringt alles Wasser

399 2933 3318 397 sofort in die Tiefe. Um das tiefere Profil noch an

440 3049 3270 364 andrer Stelle zu sehen, wählte ich den sehr steilen

432 3255 3459 360 Abstieg über Liala, fand hier aber weitere Hügel„

436 3416 3332 381 züge vorgelagert, so daß ein flüchtiger Einblick in

450 3577 3166 327 den Aufbau nicht zu erlangen war. Dafür hübsch

439 3719 3471 383 gelegene Schamben u. Gebirgsbilder. Um 12½ zurück. Wie

428 3898 3521 339 im Süden die Silbe Nam-(-wiranye, -unda, -yura u. s. w.),

430 4055 3564 331 im Osten „ „ Mat- oder Mta-(Mtapaia, Mtarika, Matapua),

397 4333 3590 292 so herrscht hier „ „ Li: Ligomba (auch Ki u. Sigomba genannt),

434 4544 718 234 Liala u. dgl.

596 4593 3133 311 Nachm. photographiert. Einige meiner Leute haben noch
