4324 5213
316 249 142 174 80

416 246 3360 298 den Namen. Es hinkte schwer über einen Hügel,

430 475 3551 161 wir rannten nach, ich schoß noch 4mal, glaubte verfehlt

417 636 3600 264 zu haben u. schleppte Ali weiter nach, der schnell aus

388 799 3560 297 Kindope ein Schächtmesser beschaffen wollte. Da fiel

417 983 3442 300 es plötzlich um u. war, als ich hinzukam, bereits

419 1101 3540 315 tot od. doch gänzlich bewußtlos. Ich hatte 3mal noch

438 1261 3390 305 in d. linken Seite getroffen. Ich konnte also ohne

460 1428 3544 279 Tierquälerei zu begehen, Ali's Bitte erfüllen, keinen

430 1657 3270 297 Fangschuß weiter zu geben, jede Bewegung war

435 1788 3227 282 entflohen. Indes Ali Leute holte, zeichnete ich den

458 1956 3344 334 Kopf ab, sah mich nur von Zeit zu Zeit um. Nichts

445 2116 3390 333 war weiter zu sehen als ein Raubvogel über der

460 2363 3402 233 träumerischen. Baumgrassteppe. Ali blieb die Zertei„

484 2457 3263 324 lung zu überwachen, ich kehrte über Kindope

528 2667 3166 209 allein zurück. Im Lager große Freude, denn das

529 2804 3329 331 gewaltige Tier giebt 2mal so viel Fleisch wie ein

499 3051 602 268 Barappi.

673 3163 3277 269 Janensch hatte inzwischen in unsrer Plateauhöhe nordw. v. Tenda-

527 3308 2499 282 guru ein Femur von 2,08 m. Länge (!) gefunden.

659 3434 3264 203 Erfreulicherweise traf mittags die Post zur Sonntagssiesta ein,

549 3605 2314 270 auch Geld. Restzahlung u. Fleischverteilung.

696 3745 3136 237 18. Oct. Vorm. m. Janensch gemeinsamen Rundgang zu den

593 3870 3384 245 Arbeitsstellen im N. gemacht. um ½ 11 zurück. Seit dieser Zeit bis

593 4007 3425 244 2 Uhr tat Janensch keinen Schritt weiter aus d. Lager, sondern

576 4160 3229 259 schlief vor u. nach Tisch u. las die Zeitungen. Das ist wohl

581 4258 3450 306 Ausnahme, nichtsdestoweniger scheint es mir unberechtigt. Wenn

567 4420 3391 248 er dann Abds. d. Funde besichtigt, so nützt dies theoretische Inte„

570 4569 3365 228 resse, das auch bis Berlin Zeit hätte, den Grabungen nichts. Er

576 4668 3136 324 geht nicht zu Gräben, in denen nichts zu sehen ist, das
