4324 5214
384 258 255 157 136

817 416 3106 226 Schon um ¼10 sehr heiß, unbarmherzige Sonne u. grade

571 515 3092 309 in d. heißesten Mittagsstunden ganz windstill. Der

574 646 3358 328 Bahndamm glüht. Im Liegestuhl gefesselt bis Nachm. u.

587 803 3093 325 hätte so gern etwas getan! Bornhardt studiert.

662 975 3240 337 Jumbe Kondoa beim Zelte, kann (od. will) keine Träger

627 1168 2040 304 stellen, daher Brief an d. Akiden.

792 1269 2939 303 Abends ein Stück an d. Bahn nach O., kann aber des

605 1430 3179 307 vermaledeiten Fußes wegen nicht bis zum Oolith

625 1689 546 207 gelangen.

851 1719 2801 379 17.II. Um nicht so untätig zu sitzen u. d. Träger

645 1946 3192 282 faulenzen zu lassen, das Zelt f. eine Nacht nach Panda

635 2030 3319 294 mbili verlegt. Von Sattler empfohlen bis zur Barrabarra

655 2215 3262 368 nach Msua zu gehen, kann es aber des Fußes wegen

685 2429 2983 261 nicht, erwarte auch geolog. nichts hervorragend

670 2548 3215 314 Neues, da Lagerung fast horizontal. Gute Aufschlüsse

674 2735 3263 262 auch anderswo allenthalben. Früh an d. Bahn entlang

641 2905 3267 285 bis zum sog. Jumben Ufuta, von ihm nach Panda mbili

662 3070 3290 338 geführt. Unterwegs sein Töchterlein getroffen u. photogra„

659 3241 3355 238 phiert. Eine wahre Augenweide in Haartracht u. reichem

658 3341 3326 364 Schmuck, reizende Mischung aus Koketterie u. weiblicher

701 3580 1771 288 Scheu. Hätte sie gern gemalt.

919 3684 2878 314 Im Zelt Besuch das alten Jumben in großer Begleitung.

716 3835 3129 266 Nachm. Fossilien geklopft, dann zur Ngoma u. Pombefest

724 4011 3061 276 auf einem geräumigen Gehöft ¼ Std. vom Lager. Höchst

725 4161 3157 232 ursprünglich u. teilweise schön (Brief an Mama), ich mußte an

749 4320 3208 286 Cook's Beschreibungen denken. Der alte Jumbe machte mich

731 4460 3235 283 besonders aufmerksam, wenn geschlechtliche Reizen in Frage

699 4657 3304 296 kamen, die ja hier ihren ganz natürlichen u. ehrlichen
