4324 5213
325 193 177 145 50

435 175 3407 234 an die Pflanzungen auch Tauben u. Papageien. ½ Std. vor dem

398 288 3602 292 Akiden schoß ich mein erstes Wild, ein Mbawala, nachdem es

379 496 3590 302 freilich auf den ersteren, aus größerer Entfernung abgege„

426 584 3220 286 benen Fehlschuß nur wenig zur Seite gegangen war.

565 714 3205 275 Der Akide hat sein sehr stattliches mit breiter, erhöhter

432 874 3411 333 Barasa versehenes Haus neuerdings auf eine kleine

450 984 3245 353 Erhöhung verlegt; man hat nun in seinem Schatten

404 1191 3493 340 sitzend einen hübschen Blick auf Namunda u. Namyura,

405 1300 3490 392 sowie durch die Bäume hindurch auf den Tendaguru.

399 1433 3531 377 Der Akide hat selbst keine Schambe, doch sah ich eine ganze Schar

404 1589 3458 330 recht gedrungener kräftiger Ziegen, die offenbar in guter

383 1733 3258 357 Vermehrung begriffen waren. Ich wurde äußerlich sehr

443 1916 3501 307 freundlich empfangen u. wir scherzten viel mit einander.

392 1987 3552 317 D. Akide ist ein hübscher, selbstbewußter Mann, ob er vollstes

360 2141 3348 283 Vertrauen verdient, steht auf einem andern Blatt. Ich

408 2252 3329 399 schenkte ihm statt des begehrten Antilopenbratens ein

427 2356 3376 442 Perlhuhn zum Entsetzen meiner Leute, die es gern als

480 2561 3166 388 Zukost gehabt hätten. Hier schien reger Briefverkehr zu

480 2648 3230 381 herrschen, obwohl Seine Hoheit selbst nur arabisch lesen

464 2843 3447 333 können, auch stand Tinte u. Feder bereit. Für d. Tier nahm

447 2964 3490 393 ich 2 weitere Träger an, die aber den Weg so wenig wuß„

474 3136 3537 331 ten, wie der Akide selbst; ein über Nanundo führender

446 3305 3432 326 ist offenbar eingegangen. Nach manchem Hin u. Her

445 3437 3456 384 fanden wir den rechten über Kindope, der mir vom

430 3623 3493 287 Mbenkuru an selbst bekannt war. Jenseits schoß ich wie„

451 3699 3408 396 derum zweimal auf ein Mbawala, gab dann d. Verfolgung

431 3948 3439 267 auf, doch war es ebenfalls nicht geflohen, Ali ging nach

418 4040 3391 312 u. schoß es mit der Flinte. Nu d. Träger

406 4176 3400 309 wieder ausgesöhnt; ich mußte vor Kindope noch 2

370 4324 2773 311 Mann zurückschicken. Gegen 12 im Lager.
