4324 5213
322 189 236 174 160

435 229 1665 278 31-2. Apr. Regen 2. Derema

526 373 3259 319 4 April. Morgens Aufbruch mit Trägern des Instituts. Herrliche

425 543 3404 236 Wanderung in Gebirg u. Wald. Über der Ebene etwa gleichhoch

438 713 3457 230 mit uns eine dichte starke Wolkendecke, jedoch nur scheinbar,

430 840 3518 312 die Schatten auf d. Ebene zeigten, daß es nur einzelne

411 1063 3527 179 Wolkenteile waren. Mit Bahn nach Mombo, wo bei Hrn. u.

447 1180 3472 255 Frau Thomas (letztere Bekanntschaft aus Amani) einlogiert. Etwas

451 1347 3272 254 hoch gelegenes Haus mit weitem Blick. Schamba eigentlich

434 1446 3593 347 Versuchsfeld von Amani. Viel einheimische Obstarten, denen

499 1607 3355 322 ich aber europäische weit vorziehe. Versuche mit Holzsorten,

522 1791 1914 322 offenbar tätiger u. kluger Leiter.

594 1947 3201 328 5 April. Morgens zu meinem Leidwesen nicht schnell

489 2140 3522 282 aufgebrochen, noch durch d. Pflanzung. Weg in's Gebirge, meist

449 2276 3317 323 steil ansteigend zwischen alter u. neuer Fahrstraße nach

469 2479 3510 290 Wilhelmsthal. Hotel häßlicher Bau, wie in einem Berliner

458 2610 2607 273 Vorort, nicht aber tropischer Gebirgsluft.

520 2814 3207 262 6. April. Marsch nach Baga. Sehr interessante u. schöne

473 2896 3231 376 Bilder, da ständig in beträchtlicher Höhe. Kleinsiedlungen,

487 3111 3480 335 Ochsen vorm Pflug, deutscher Fleiß u. heimische anheimelnde

481 3244 3300 381 Bilder. Schön gelegenes Washambaa-Dorf Sale. Wasserbäche,

483 3471 3388 275 Vegetation. Zuletzt auf parkartiger Fahrstraße durch lang„

513 3616 3354 301 gestrecktes Tal von thüringischen Reizen nach Baga, einer

507 3757 3331 243 aufgelassenen Kaffeepflanzung Hrn. Bötzow's mit leer„

515 3923 3382 265 stehendem Haus, nein Schlößchen. Sehr geschmackvolle An„

500 4051 3315 302 lage, Zimmer fast zu groß, außerdem beinahe leer.

494 4213 3462 330 Einige Bücher vorgefunden (Schlacht von Tsuschima, Fr. von

490 4414 3475 245 Prince's Erzählungen aus d. Wahehe-Kriegszug ihres Gemahls)

698 4532 3267 374 7-8. Baga gefaulenzt, gelesen, einige Spazierwege. Bis 11 Uhr
