4324 5213
3725 176 281 178 141

505 267 3617 201 einmal sah ich einen Swalla-Bock schlecht von hinten,

488 411 3315 273 durch eine Lücke im Gebüsch u. schoß ihn gleichfalls an

488 577 3583 303 ohne ihn auffinden zu können. Das ist mir stets beson„

497 749 3618 293 ders ärgerlich. Mein Führer irrte sich total in d. Richtung

531 958 3485 265 wir verloren ca 1½ Std. im hohem Grase, bis Ali u. ich

551 1099 2994 310 die Führung übernahmen. Auf anderm Wege

3291 1091 340 137 um 2

3498 1160 332 155 in's

529 1332 3458 254 Lager zurück, ziemlich ermüdet, wozu die Erfolg„

574 1538 3542 259 losigkeit zweifellos beitrug. Janensch hatte auch Giraffen

588 1707 3507 283 gesehen, ich eine Stelle, wo kürzlich ein Nashorn durch„

579 1877 3498 290 gegangen war. Allenthalben auffallend niedriges Gras

579 2039 3542 319 nach d. Erfahrungen in Mikesse, außer nahe dem Fluß.

564 2262 3497 206 Mir wurden kleine Vögel gezeigt, die auf nahes Wild schlie„

522 2381 3511 293 ßen lassen, aber nach Ansicht d. Eingebornen keinen Zweck

555 2583 2582 278 verfolgen: rafiki tu. Sie heißen chassi.

738 2781 3118 277 Aquarelliert, abds in d. freilich nur flachen Fluß

493 2977 3414 265 gebadet. Schöner Mondschein. Nachts Gewitter u. Regen.

749 3225 3294 281 22.II. Heut Jagdgebiete vertauscht, Janensch sah Giraffen

577 3368 3344 290 u. schoß ein Swalla, ich sah absolut nichts u. ärgerte mich

605 3524 3299 336 über das nicht hohe, aber sehr verfilzte u. ganz nasse

561 3724 3373 282 Gras, das meinem Fuße nicht bekam. Ich bekam abso„

575 3904 3284 270 lut nichts zu Gesicht u. mußte mich mit der Fest„

565 4094 3394 268 stellung des Gesteins mit d. langen, turmförmigen

607 4311 3342 270 Schnecken begnügen, das hier einen langen Hügelzug

587 4393 3155 311 bildet. Auch d. Fliegen peinigten mich arg. Wenig

573 4608 2628 261 Regen, meist bedeckt u. nicht eben schwül
