4324 5213
3915 193 153 117 7

410 236 3705 259 zubereiten (Grasdächer u. Bambushütten f. d. Leute u. Lasten)

547 367 3314 280 10.IV. Morgens allein an d. Bucht bis zum Steilufer:

357 545 3681 268 Korallenkalk im Aussehen ziemlich frisch, unterlagert von

368 695 3638 275 groben Geröllen (gut gerollt). Mollusken gesammelt (rezente)

482 899 3648 209 Strandläufer u. zahllose Krabbenscharen die schon aus einiger

323 978 3752 226 Ferne sichteten u. sehr schnell in ihre Löcher verschwanden, im

338 1146 3785 173 Wasser d. Stielaugen wie ein Unterseeboot heraussteckten.

357 1259 3644 290 Sie hinterließen interessante Kriechspuren. Wellenfurchen

370 1434 3488 245 nicht unter Wasser gebildet, sondern ein Gebilde des

355 1573 3781 221 abebbenden Wassers, gleichsam winzige Strandlinien (stets?)

349 1753 3368 237 Mangroven im Seewasser ungewohnter Anblick.

553 1927 3331 232 11.IV. Ostersonntag. Daß ich ihn hier verleben würde,

382 2074 3314 299 hätte ich mir vor 2 Monaten nicht träumen lassen.

479 2207 3618 273 Abends Abmarsch aus Lindi, Lager vor d. Stadt bezogen.

368 2369 3651 316 Gäste aus d. Ort zum Lagerfest (Bier u. Whisky-Soda). Tänze der

359 2518 3721 257 Muëra m. improvisiertem Prosatext, Sprecher wechseln ab; Kriegs„

400 2697 3344 303 gesang: Maji, maji (gereichtes Wasser). Dann Tänze d.

395 2863 3661 301 Wangoni (sehr abwechslungsreich u. interessant) u. Mikindani-

373 3004 3717 296 Leute (meistenteils sehr lärmend, viele Kinder) Dazu Mondschein

399 3181 3683 233 u. fernes Gewitter. Lagerfeuer. Ein ungemein malerisches

399 3410 338 186 Bild.

461 3447 3557 319 12.IV. Ab 8h morgens nach Yangwani, zweites Lager, an

369 3611 3579 308 12h. Viel u. starker Regen, aufgeweichter Boden, daher Marsch

367 3768 3696 294 beschwerlich. Anfangs Korallenkalk, auf d. Kitulo Nummu„

350 3962 3801 242 litengestein, aber wohl auch anderes (splitteriger, fester, weißer

316 4075 3830 319 Kalk, Sandsteine.) Am Nordabhang einen Seeigelstachel gefunden.

438 4246 3399 289 13.VI. 7-12 Marsch zum Nkanga-Bach durch Ebene mit

407 4444 1769 278 viel Pflanzungen, aber auch

1990 4411 281 81 durch

2125 4361 1797 282 Dickicht u. Wasserläufe. Aufstieg

433 4572 3534 279 zum Jumben, hinab über  rote Sandsteine zum Nkanga,

417 4655 3705 363 hier gute Aufschlüsse, aber nichts Interessantes. Note Sandsteine scheinen
