4324 5213
262 220 200 186 16

536 226 3492 361 Schacht. Der Gneiß fällt nach S. O fast 40° (schätzungs„

553 414 3437 348 weise ein, die Graphitlinse (ca. 30 m. lang, 10 breit,

506 591 3389 370 stellenweis 1 m. mächtig) beißt auf d. Nordseite

548 827 3346 239 d. Hügels aus u. wurde seinerzeit v. d. Einge„

529 943 3144 306 borenen, die Graphit zur Verzierung ihrer

483 1101 3087 311 Wassertöpfe verwenden, durch d. Arbeit eines

478 1282 3293 281 Erdferkels entdeckt. Im übrigen glimmerartig in

486 1435 3280 311 d. Gneiß d. Umgebung eingesprengt. Ich von dort

465 1623 3431 286 auf d. Namwiranye-Berg, anfangs durch male„

512 1828 794 259 rische Felder

1228 1804 621 123 mit Hütten

1265 1824 2634 279 , in denen die Wächter nachts an langen

455 2010 3066 290 Stricken ziehen müssen, um Geräusche in den

430 2169 3078 326 Pflanzungen hervorzubringen (Schellen, Klappern)

436 2341 3397 338 zum Verjagen v. Schweinen u. Wild. Aufstieg über

485 2537 3487 247 einen kl. Vorhügel durch dichtestes Urwaldsdickicht

462 2762 3237 268 u Gras. Blicke auf Namjura u. Tendaguru, Mben-

434 2869 2811 333 kuru u. Mbuiho, sowie im Süden Loanga:

708 3604 415 239 Loango

2752 4321 514 290 Mbuiho
