4324 5213
358 243 132 160 54

460 240 3282 223 nun warten, bis er selbst dazu gekommen ist; ich

436 379 3382 310 vermag nicht abzusehen, wann das sein kann. Und

427 570 3503 275 doch gäbe es so viel in Erfahrung zu bringen, so wenig

421 717 3441 234 im Lager zu versäumen, da wir zu zweit sind.

412 874 3345 341 Ich muß mich nun noch mehr zurückhalten u.

414 1064 3506 363 gäbe so gern etwas Volldampf! Indessen kommen

438 1273 3366 232 wir als ruhige Naturen gut miteinander aus

437 1416 3559 329 u. ich besonders fühle mich verpflichtet ferner darauf

431 1657 3261 270 zu halten. Ich will auch keineswegs seien großen

437 1795 3502 307 Verdienste schmälern, nur etwas raschere Tatkraft ihm

417 2002 3466 238 wünschen. Denn unser Unternehmen ist so ungewöhn„

434 2144 3498 271 lich großartig, daß nicht das Geringste ungetan blei„

420 2319 3345 298 ben darf und - aufgeschoben kann hier so leicht

427 2518 1611 276 zu aufgehoben werden!

626 2593 3265 404 4. August. Wohl der erfolgreichste bisherige Tag unserer

501 2809 3372 291 Grabungen. In Graben VII wird eine längere Schwanz„

503 3076 3325 263 wirbelsäule aufgedeckt u. erweckt beste Hoffnungen

499 3224 3277 241 auf ein „August-Skelett.“ In Graben II werden zwei

479 3376 3405 323 sehr gute u. interessante Extremitätenknochen gefunden,

515 3540 3206 270 bei Skelett B mehrere hübsche Zähne u. ein neuartiger

516 3700 3362 257 kurzer Oberschenkelknochen, in Graben VI auf der Nordseite

475 3866 3241 253 ein gut erhaltener Wirbel u. andere kleinere Reste.

1006 4145 2745 368 Die Zahnfunde bei Skelett S mehren sich täglich.
