4324 5214
3675 198 138 102 43

470 183 3554 286 auf Mbawala-Jagd, nichts gesehen. Ein prächtiger Ort!

457 383 3595 198 Löwen noch immer in großer Nähe, doch z. Z. un„

496 436 3397 365 gefährlich (2). Abd. Steine geordnet, wie ich höre, ist der

2116 565 1769 209 Boden im Tal gut wasserdurchlässig

508 606 3450 318 23. Juli 09. Ab Matapua (nach gänzlich löwenfreier Nacht; schade!) 5¾

415 871 3706 211 begleitet vom Nachbarjumben, dessen Dorf u. Barrabarra viel weniger ordent„

422 1017 3592 217 lich aussahen. Nach seiner Angabe teilt sich der Mtshingiri vor d. Ort. in

433 1144 3626 205 einen Hauptarm Matapua u. einen rudimentären Mtshingiri, die sich

411 1224 3710 325 unterhalb an d. Barrabarra wieder vereinigen. Links Steilwände

407 1422 3476 266 v. hellgelblichem, gut geschichtetem, horizontal gelagertem Gestein,

409 1489 3628 263 erst weiter unten (anscheinend dasselbe zugänglich u. hier wohl

405 1736 3683 187 über jenem andern Sandstein lagernd, in dem ich auf d. andern

436 1823 3488 257 Ufer (in größerer Höhe) gestern Fossilien fand. Ich würde,

421 1930 3524 230 eine Verwerfung vermuten, die ja auch durch d. Bildung

420 2093 3553 242 des Talkessels (mindestens einmal) gefordert wird. Sodann

429 2262 3371 239 d. Mtshingiri noch 2mal überschritten, hinauf z über

418 2371 3500 333 einen Hügel Chundu, wo anscheinend viel Wild (auch Bundju-,

416 2555 3704 275 Ndogolo- u. a. Fährten); dann über d. Mangoma nach Mtarika.

406 2690 3644 247 Leider eine Std. Aufenthalt, weil d. Träger f. Essen vorsorgen

413 2876 3600 250 müssen. Weiter auf d. Weg nach Makumba über Hügel, die

477 3031 3649 184 zum Lande Miangara gehören, aber nur den gleichbleibenden,

411 3179 3620 213 harmlosen Sandstein enthalten. Leider hatte ich nicht direkt

468 3275 3559 319 gehen können, weil niemand den eingehenden Weg

472 3435 3240 273 zu kennen schien. Auch jetzt saß ich nach einer Std

472 3609 3371 234 abermals fest u. konnte nicht herausbringen, wo u.

433 3705 3697 260 wie weit d. einzelnen Orte u. Wege seien. D. Leute schienen

446 3839 3670 349 erstens den berüchtigten Abenteuer-Europäer in Makum-

404 4064 3449 207 ba, zweitens d. dortige Krankenkolonie zu fürchten,

412 4116 3491 319 drittens sehr dumm zu sein. Als ich hörte, jenseits d.

409 4270 3607 279 Mbenkuru sei eine barrabarra u. ein Dorf, entschloß ich mich

411 4424 3532 295 dort zu bleiben, obwohl ich so einen Tag verlor. D. Fluß

424 4611 3652 265 wurde durchwatet, es folgten Schamben, dann eine Anhöhe
