4324 5213
3871 225 245 193 99

386 194 3537 169 ein Bach war reichlich 1 m. breit u. 30 cm. tief, dabei floß das

369 383 3703 189 Wasser sehr flink. Das Tal war hier entsprechend dicht bevölkert.

349 443 3716 246 Die ganze Bucht schien mir ähnliche Verhältnisse aufzuweisen,

354 643 3624 188 wie das Pindiro-Tal im Norden. Brachte 2 Schopfperlhühner heim,

355 801 3547 246 das zweite schon in völliger Finsterniß vom Baum geschossen.

562 1016 3299 174 6. Dez. Ich hatte schon gestern gehofft, an's obere Ende des Tales zu

462 1173 3495 187 gelangen, um der drängenden Zeit wegen, zwischen Noto u. Rondo hin„

465 1324 3222 240 durch direkt auf d. Tendaguru loszugehen. Folgte nun heut der

492 1428 3346 209 barrabarra weiter u. entdeckte zu meinem Erstaunen am

438 1587 3451 206 Ende d. Marsches, daß ich schon fast auf d. Höhe des Rondo war

468 1732 3533 254 noch längst nicht d. Länge d. Tales durchmessen hatte. Vom Anstieg

458 1883 3446 243 hatte ich kaum etwas bemerkt; in d. Meinung im Talboden

496 2007 3350 297 zu sein, war ich über einen sehr ebenen Rücken hingeschritten,

515 2183 3395 225 der im W. u. N. von einem breiten, tiefen, gewundenen, z. Z.

500 2266 3468 279 trockenen u. vielfach besiedelten Tallaufe, dem begrenzt

514 2508 3418 177 wird. Ich kreuzte d. Tal mehrmals, stieg dann wieder aufwärts u.

526 2611 3303 226 befand mich auf dem Wimbwi-Berge bei einem Jumben. Es

510 2715 3528 256 war vielleicht nicht viel nach 10 Uhr u. wir hätten noch weiter

507 2880 3446 221 kommen können. Aber einmal stand uns der Aufstieg auf d. Rondo

500 3032 3327 278 jetzt in bösester Mittagshitze bevor, ferner war hier ein sehr

514 3144 3397 312 schöner Lagerplatz mit Blick über das Tal u. auf den Noto,

524 3304 3455 278 endlich hörte ich, daß ich von Naholo doch nicht bis Ubolela kommen

531 3463 3489 208 u. so einen Tag gewinnen können, und es blieb so das wildreiche

504 3603 2615 250 Nahanga als Zwischenlagerplatz. Ich machte also halt.

663 3761 3420 230 D. Jumbe hatte sein Haus u. die Schaurihalle mit weißem, eben„

521 3896 3534 238 falls wie d. übliche rote aus Sand gewonnenem Anstrich versehen.

539 4101 3533 204 Nachm. am „Jesus“ geschrieben, da ich ja nicht malen konnte. Während„

540 4225 3528 274 dessen großer Pombetrunk im Dorfe, an dem ich meinen Leuten

521 4395 3464 290 geringe Beteiligung verstattete, - schon damit die Übrigen nicht

539 4603 3560 187 zu viel bekämen. Wendt hatte mir gesagt, die Wamuëra könnten beim

522 4750 3399 227 Pambe jeden Augenblick gefährlich werden u. mir fiel nun ein,
