4324 5213
460 191 170 149 94

435 213 3240 310 zweifachem Balkon u. rot (aus Erde) gefärbtem Dach.

532 384 3357 325 Erforsche vom Jumben, daß ursprünglich aller roten

491 522 3493 377 Plateaus Likonde heißen u. Wamakonde ihre Bewoh„

504 817 380 140 ner.

1136 654 2876 259 Am Mtshingiri gute Fossilien, auch den gewünschten Ammoniten.

884 793 2012 160 Schöner Lagerplatz mit Blick auf Namunda

747 850 3142 329 29. Nov. Hatte bis zum Nkanga-Fluß, morgen bis

506 969 3447 337 Lindi kommen wollen. Doch mein Aufseher hatte

558 1197 3377 326 der schwächlichen Wamuera u. Wandonde wegen ab„

573 1353 3323 316 geraten u. mich um so leichter überredet, als

547 1494 3280 290 mir nun nochmals Gelegenheit zur Hartebeest-Jagd

598 1631 3199 359 geboten wurde. Ließ mein Zelt stehen, schickte die

578 1835 3354 322 Knochenträger zum Jumben voraus u. ging früh

568 1974 3244 350 los. Nach einer guten halben Std. scheuchten wir die

583 2151 3219 341 Tiere auf, ein Schuß durch Bambusdickicht ging fehl;

579 2354 3353 222 nun verfolgten wir lange u. scheuchten sie immer

587 2489 3210 297 wieder auf, ich kam nur einmal auf sehr starke

597 2671 3270 271 Entfernung zum Schuß, d. Tier ging merkwürdig

639 2802 3327 329 langsam ab. Endlich nach 4½ Std. lag der Leitbock durch

613 2967 3105 318 d. Hals geschossen, da in d. dichten Walde d. Blatt

609 3126 3434 330 durch einen Baum geschützt war. Ich fand nun einen

624 3310 3276 279 Fuß zerschossen. Schönes großes Expl. Die Herde hatte

623 3426 3166 304 inzwischen Zuzug erhalten und war immer in

596 3585 3193 295 Kreise u. in Schleifen gegangen. Sie sitzt hier

602 3747 3365 296 zwischen Namunda u. Noto in einem geräumigen,

585 3919 3232 272 schön bewaldeten Kessel, der vom wasserhaltigen

580 4070 3278 288 Mtshingiri nach N-O abgeschlossen wird, u. kommt

611 4240 3223 227 wahrscheinlich nie hinaus. Im übrigen auffal„

583 4400 3321 272 lend wenig Spuren von Wild. D. Fleisch reichte für

645 4548 3089 281 über 100 Mann. Nachm. gegen 2 Uhr mit Zelt

671 4745 3243 221 zum Jumben nachgegangen. Hatte mich vor dem
