4324 5213
254 191 220 172 86

561 182 3221 235 auffallend mild, obwohl mittags garkein Wind ging

484 299 3259 345 u. d. Thermometer auf die übliche 32 kroch. Es freut

482 472 3319 330 mich, daß ich die Hitze so gut vertrage und ständig bei

506 623 3074 257 den Gräben herumlaufen kann. Wieder mehrere

501 737 3352 316 gute Funde. Janensch kommt noch immer nicht.

542 912 3248 255 Nun ist er sogar im Ganzen länger vom Tendaguru

494 1093 771 296 fort als ich.

748 1157 3280 352 Poscho-Tag. Abds. Zum Graben des alten ehrlichen Seliman,

477 1356 3297 232 der mit wahrhafter Begeisterung die heutigen Funde

463 1459 2832 317 geschildert hatte, finde mich danach enttäuscht.

685 1611 3147 326 Ethnol. Arbeit. Thackeray „Jahrmarkt des Lebens"

466 1751 3362 281 ausgelesen. Eine recht erfreuliche Lektüre. Zwischen all

459 1874 3429 290 den derben und guten Späßen blickt doch ein ehrliches

480 2067 2012 309 Gesicht u. ein klares Auge durch.

686 2176 3200 288 Sonntag d. 7. Nov. Wollte Knochen auf d. Wegen nach Mtapaia

470 2352 3370 283 besichtigen u. Barappi's am Lilomba suchen. Ging früh mit

470 2453 3335 329 2 Mann (1 Boy konnte nicht gehen, d. andre war auch krank) durch

480 2627 3411 325 die Schamben, um d. Weg abzukürzen. Sah 1 Puduka, wandte

472 2780 3446 264 mich nach dem Gewehr um, u. als ich schußfertig war, stan„

482 2904 3290 308 den nur 3 Schweine da. Anscheinend gefehlt, wollte mich

515 3078 3116 280 nicht mit Verfolgen aufhalten, wurde dann aber durch

546 3215 3339 280 2 Barappispuren abgelenkt u. solange irregeführt, bis es Zeit

529 3324 3430 349 zum Umkehren war, ohne daß ich zum Schuß gekommen war.

549 3446 3359 354 Etwas ärgerlich, wozu noch das Ausbleiben der Post beitrug.

620 3636 2983 296 Wenigstens kam Janensch gegen Mittag zurück.

528 3777 3329 226 Morgens im Busch überrascht durch plötzliches Erblühen der

481 3955 3284 231 kleinen  Dornranken, die seit längerer Zeit

492 4078 3379 266 als Erste aufgeschossen sind u. sich ständig sehr unangenehm

501 4213 3433 230 bemerkbar machen, da sie so fein sind, daß man sie leicht

513 4368 3381 251 übersieht, u. außerdem mit beiden Enden befestigt sind.

495 4480 3497 308 Heut boten sie mit den dichten weißen Büscheln wie Flieder

462 4648 973 254 ein hübsches Bild.
