4324 5213
423 199 152 145 46

564 217 1256 283 don-artiges Gestein.

524 402 1236 251 Bröselige Sandsteine,

528 461 3417 339 Weiße „ „ (d. einzige, was allenfalls an Saurier„

1394 647 2421 313 schichten erinnern könnte, wäre nicht die

1414 814 1985 262 Buschvegetation so verschieden,

581 956 3311 320 im Tale zwischen d. Schamben ferner Trigonien-Schicht,

573 1160 2120 303 nirgends eine Spur von Gneiß.

828 1242 3097 371 Am Fuße stellte sich leider heraus, daß wir den

489 1427 3327 422 Akiden heut nicht mehr erreichen konnten u. vor

537 1535 3329 461 ihm kein Dorf weiter zu erwarten war, so daß ich

498 1723 3350 499 schon hier nach nur 3-stüBndigem Marsch d. Lager

500 1926 3232 464 errichten mußte (eim Karani). Ich wurde durch

521 2052 3526 414 anscheinend treffliche Jagdaussichten entschädigt, brachte

526 2212 3508 416 aber bis Mittag nur 1 Taube zur Strecke ein Putuka

562 2347 3315 512 entging mir trotz günstigster Umstände, da ich nicht

565 2653 1555 382 Zeit zum Zielen hatte.

789 2753 3019 411 Hier, wie auch gestern u. in Matapua d. Wamachinga

505 2910 3366 339 vertreten, neben Yao's u. drüben Muëra, auch Wandonde

521 3110 3214 313 meist reichlich. D. Eingebornen betonen d. Unterschiede

499 3223 3469 281 viel schärfer als physiologisch od. psychologisch zu rechtfertigen

503 3387 3456 311 ist. Dicht bei meinem Zelt im Wasserriß Baumkakteen (?),

484 3558 3381 262 d. mir Verwandtschaft m. Palmen zu zeigen scheinen?

492 3680 3499 266 Auch sie wie viele andre Bäume in Afrika u. bei uns am

483 3858 3356 259 deutlichsten die Buchen zeigen jene Drehung des Stammes

455 3958 3523 320 (anscheinend ohne Gesetz nach rechts od. links), die wohl dem

480 4070 3531 255 Ganzen sehr viel größeren Halt gewähren mag. Mir fällt

521 4211 3381 244 hier ferner oft die große Rolle der Wurzeln oberhalb.

572 4346 3278 244 des Erdbodens auf, man kann zuweilen den Stamm

535 4401 3498 327 ein Wurzelkonglomerat nennen. D. Schwarzen

454 4604 3557 284 sind übrigens ebenso schlechte Botaniker wie ich, es giebt wohl

434 4791 3466 204 Namen f. d. Bäume, aber d. wenigsten kennen sie;
