<?xml version="1.0" encoding="UTF-8"?>
<alto xmlns:xsi="http://www.w3.org/2001/XMLSchema-instance"
      xmlns="http://www.loc.gov/standards/alto/ns-v2#"
      xmlns:page="http://schema.primaresearch.org/PAGE/gts/pagecontent/2013-07-15"
      xsi:schemaLocation="http://www.loc.gov/standards/alto/ns-v2# http://www.loc.gov/standards/alto/alto.xsd">
   <Description>
      <MeasurementUnit>pixel</MeasurementUnit>
      <OCRProcessing ID="IdOcr">
         <ocrProcessingStep>
            <processingDateTime>2021-02-02T09:46:07.19+01:00</processingDateTime>
            <processingSoftware>
               <softwareCreator>READ COOP</softwareCreator>
               <softwareName>Transkribus</softwareName>
            </processingSoftware>
         </ocrProcessingStep>
      </OCRProcessing>
   </Description>
   <Layout>
      <Page ID="Page1" PHYSICAL_IMG_NR="1" HEIGHT="5213" WIDTH="4324">
         <TopMargin HEIGHT="0" WIDTH="4324" VPOS="0" HPOS="0"/>
         <LeftMargin HEIGHT="5213" WIDTH="0" VPOS="0" HPOS="0"/>
         <RightMargin HEIGHT="5213" WIDTH="0" VPOS="0" HPOS="4324"/>
         <BottomMargin HEIGHT="0" WIDTH="4324" VPOS="5213" HPOS="0"/>
         <PrintSpace HEIGHT="5213" WIDTH="4324" VPOS="0" HPOS="0">
            <TextBlock ID="r3" HEIGHT="4662" WIDTH="3629" VPOS="184" HPOS="479">
               <Shape>
                  <Polygon POINTS="479,184 479,4846 4108,4846 4108,184"/>
               </Shape>
               <TextLine ID="r3l1"
                         BASELINE="344"
                         HEIGHT="209"
                         WIDTH="245"
                         VPOS="135"
                         HPOS="3711">
                  <String ID="string_r3l1"
                          HEIGHT="209"
                          WIDTH="245"
                          VPOS="135"
                          HPOS="3711"
                          CONTENT="115"/>
               </TextLine>
               <TextLine ID="r3l2"
                         BASELINE="509"
                         HEIGHT="285"
                         WIDTH="3456"
                         VPOS="224"
                         HPOS="498">
                  <String ID="string_r3l2"
                          HEIGHT="285"
                          WIDTH="3456"
                          VPOS="224"
                          HPOS="498"
                          CONTENT="29 Dez. Viel laufe ich noch nicht wieder herum, ist"/>
               </TextLine>
               <TextLine ID="r3l3"
                         BASELINE="602"
                         HEIGHT="254"
                         WIDTH="3482"
                         VPOS="348"
                         HPOS="455">
                  <String ID="string_r3l3"
                          HEIGHT="254"
                          WIDTH="3482"
                          VPOS="348"
                          HPOS="455"
                          CONTENT="auch zur Zeit nicht unbedingt nötig. „Peter Moor“ aus„"/>
               </TextLine>
               <TextLine ID="r3l4"
                         BASELINE="830"
                         HEIGHT="315"
                         WIDTH="3452"
                         VPOS="515"
                         HPOS="480">
                  <String ID="string_r3l4"
                          HEIGHT="315"
                          WIDTH="3452"
                          VPOS="515"
                          HPOS="480"
                          CONTENT="gelesen. Hier zeigt sich der Meister in der Beschrän„"/>
               </TextLine>
               <TextLine ID="r3l5"
                         BASELINE="922"
                         HEIGHT="232"
                         WIDTH="3332"
                         VPOS="690"
                         HPOS="479">
                  <String ID="string_r3l5"
                          HEIGHT="232"
                          WIDTH="3332"
                          VPOS="690"
                          HPOS="479"
                          CONTENT="kung auf den Stoff, den er bewältigen kann. Eine"/>
               </TextLine>
               <TextLine ID="r3l6"
                         BASELINE="1178"
                         HEIGHT="338"
                         WIDTH="3530"
                         VPOS="840"
                         HPOS="526">
                  <String ID="string_r3l6"
                          HEIGHT="338"
                          WIDTH="3530"
                          VPOS="840"
                          HPOS="526"
                          CONTENT="auffallend kurze, in wuchtigen kleinen, aber nicht zu"/>
               </TextLine>
               <TextLine ID="r3l7"
                         BASELINE="1328"
                         HEIGHT="321"
                         WIDTH="3561"
                         VPOS="1007"
                         HPOS="523">
                  <String ID="string_r3l7"
                          HEIGHT="321"
                          WIDTH="3561"
                          VPOS="1007"
                          HPOS="523"
                          CONTENT="engen Sätzen hinschreitende Beschreibung vom ersten"/>
               </TextLine>
               <TextLine ID="r3l8"
                         BASELINE="1481"
                         HEIGHT="204"
                         WIDTH="3434"
                         VPOS="1277"
                         HPOS="543">
                  <String ID="string_r3l8"
                          HEIGHT="204"
                          WIDTH="3434"
                          VPOS="1277"
                          HPOS="543"
                          CONTENT="Teile des Aufstandes. Gutes Eindringen in die unbe„"/>
               </TextLine>
               <TextLine ID="r3l9"
                         BASELINE="1666"
                         HEIGHT="231"
                         WIDTH="3543"
                         VPOS="1435"
                         HPOS="527">
                  <String ID="string_r3l9"
                          HEIGHT="231"
                          WIDTH="3543"
                          VPOS="1435"
                          HPOS="527"
                          CONTENT="kannte Welt, starke Intuition, fast an Schillers „Tell“"/>
               </TextLine>
               <TextLine ID="r3l10"
                         BASELINE="1847"
                         HEIGHT="319"
                         WIDTH="3566"
                         VPOS="1528"
                         HPOS="564">
                  <String ID="string_r3l10"
                          HEIGHT="319"
                          WIDTH="3566"
                          VPOS="1528"
                          HPOS="564"
                          CONTENT="gemahnend. Schlicht aber ergreifend. Frenssen hat dabei"/>
               </TextLine>
               <TextLine ID="r3l11"
                         BASELINE="2025"
                         HEIGHT="322"
                         WIDTH="3504"
                         VPOS="1703"
                         HPOS="519">
                  <String ID="string_r3l11"
                          HEIGHT="322"
                          WIDTH="3504"
                          VPOS="1703"
                          HPOS="519"
                          CONTENT="sicher noch so manchen Gedanken für sich gefunden,"/>
               </TextLine>
               <TextLine ID="r3l12"
                         BASELINE="2200"
                         HEIGHT="235"
                         WIDTH="3416"
                         VPOS="1965"
                         HPOS="548">
                  <String ID="string_r3l12"
                          HEIGHT="235"
                          WIDTH="3416"
                          VPOS="1965"
                          HPOS="548"
                          CONTENT="aber er sieht nicht rechts u. links u. geht „durch!“"/>
               </TextLine>
               <TextLine ID="r3l13"
                         BASELINE="2405"
                         HEIGHT="292"
                         WIDTH="3371"
                         VPOS="2113"
                         HPOS="700">
                  <String ID="string_r3l13"
                          HEIGHT="292"
                          WIDTH="3371"
                          VPOS="2113"
                          HPOS="700"
                          CONTENT="30 Dez. Bedarf jetzt wieder d. Schonung für einen"/>
               </TextLine>
               <TextLine ID="r3l14"
                         BASELINE="2543"
                         HEIGHT="268"
                         WIDTH="3433"
                         VPOS="2275"
                         HPOS="546">
                  <String ID="string_r3l14"
                          HEIGHT="268"
                          WIDTH="3433"
                          VPOS="2275"
                          HPOS="546"
                          CONTENT="mehrfach wundgelaufenen Fuß. Briefe geschrieben."/>
               </TextLine>
               <TextLine ID="r3l15"
                         BASELINE="2785"
                         HEIGHT="319"
                         WIDTH="3333"
                         VPOS="2466"
                         HPOS="782">
                  <String ID="string_r3l15"
                          HEIGHT="319"
                          WIDTH="3333"
                          VPOS="2466"
                          HPOS="782"
                          CONTENT="Morgens um 3 aufgeweckt wegen Einbruchs bei unserm"/>
               </TextLine>
               <TextLine ID="r3l16"
                         BASELINE="2956"
                         HEIGHT="269"
                         WIDTH="3517"
                         VPOS="2687"
                         HPOS="551">
                  <String ID="string_r3l16"
                          HEIGHT="269"
                          WIDTH="3517"
                          VPOS="2687"
                          HPOS="551"
                          CONTENT="treuen Magazinverwalter u. Diebstahls einer Kiste mit"/>
               </TextLine>
               <TextLine ID="r3l17"
                         BASELINE="3125"
                         HEIGHT="287"
                         WIDTH="3552"
                         VPOS="2838"
                         HPOS="558">
                  <String ID="string_r3l17"
                          HEIGHT="287"
                          WIDTH="3552"
                          VPOS="2838"
                          HPOS="558"
                          CONTENT="uns gehörigem Gelde. Ließ d. ganze Mannschaft herausholen,"/>
               </TextLine>
               <TextLine ID="r3l18"
                         BASELINE="3292"
                         HEIGHT="235"
                         WIDTH="3439"
                         VPOS="3057"
                         HPOS="549">
                  <String ID="string_r3l18"
                          HEIGHT="235"
                          WIDTH="3439"
                          VPOS="3057"
                          HPOS="549"
                          CONTENT="stand schließlich auch selbst auf, damit nichts verdorben"/>
               </TextLine>
               <TextLine ID="r3l19"
                         BASELINE="3460"
                         HEIGHT="247"
                         WIDTH="3495"
                         VPOS="3213"
                         HPOS="508">
                  <String ID="string_r3l19"
                          HEIGHT="247"
                          WIDTH="3495"
                          VPOS="3213"
                          HPOS="508"
                          CONTENT="würde. Ließ einen stark Verdächtigen ohne ihn überführt"/>
               </TextLine>
               <TextLine ID="r3l20"
                         BASELINE="3633"
                         HEIGHT="301"
                         WIDTH="3395"
                         VPOS="3332"
                         HPOS="560">
                  <String ID="string_r3l20"
                          HEIGHT="301"
                          WIDTH="3395"
                          VPOS="3332"
                          HPOS="560"
                          CONTENT="zu haben, fesseln u. war im Stillen froh, daß Janensch"/>
               </TextLine>
               <TextLine ID="r3l21"
                         BASELINE="3803"
                         HEIGHT="269"
                         WIDTH="3341"
                         VPOS="3534"
                         HPOS="537">
                  <String ID="string_r3l21"
                          HEIGHT="269"
                          WIDTH="3341"
                          VPOS="3534"
                          HPOS="537"
                          CONTENT="nicht aufgewacht war, der sicher Bedenken gehabt"/>
               </TextLine>
               <TextLine ID="r3l22"
                         BASELINE="3985"
                         HEIGHT="226"
                         WIDTH="3442"
                         VPOS="3759"
                         HPOS="533">
                  <String ID="string_r3l22"
                          HEIGHT="226"
                          WIDTH="3442"
                          VPOS="3759"
                          HPOS="533"
                          CONTENT="u. lange Untersuchungen angestellt hätte. Ging zu Bett"/>
               </TextLine>
               <TextLine ID="r3l23"
                         BASELINE="4145"
                         HEIGHT="263"
                         WIDTH="3399"
                         VPOS="3882"
                         HPOS="539">
                  <String ID="string_r3l23"
                          HEIGHT="263"
                          WIDTH="3399"
                          VPOS="3882"
                          HPOS="539"
                          CONTENT="u. erfuhr bald, der Betr. habe ein Geständnis abgelegt."/>
               </TextLine>
               <TextLine ID="r3l24"
                         BASELINE="4323"
                         HEIGHT="229"
                         WIDTH="3308"
                         VPOS="4094"
                         HPOS="704">
                  <String ID="string_r3l24"
                          HEIGHT="229"
                          WIDTH="3308"
                          VPOS="4094"
                          HPOS="704"
                          CONTENT="31. Dez. Wieder in Stiefeln zu den Gräben gegangen."/>
               </TextLine>
               <TextLine ID="r3l25"
                         BASELINE="4492"
                         HEIGHT="194"
                         WIDTH="3204"
                         VPOS="4298"
                         HPOS="520">
                  <String ID="string_r3l25"
                          HEIGHT="194"
                          WIDTH="3204"
                          VPOS="4298"
                          HPOS="520"
                          CONTENT="Das Wetter ist noch so günstig, daß wir alles heil"/>
               </TextLine>
               <TextLine ID="r3l26"
                         BASELINE="4716"
                         HEIGHT="264"
                         WIDTH="3372"
                         VPOS="4452"
                         HPOS="501">
                  <String ID="string_r3l26"
                          HEIGHT="264"
                          WIDTH="3372"
                          VPOS="4452"
                          HPOS="501"
                          CONTENT="heraus bekommen. Doch will Janensch nicht mehr"/>
               </TextLine>
               <TextLine ID="r3l27"
                         BASELINE="4925"
                         HEIGHT="255"
                         WIDTH="3482"
                         VPOS="4670"
                         HPOS="518">
                  <String ID="string_r3l27"
                          HEIGHT="255"
                          WIDTH="3482"
                          VPOS="4670"
                          HPOS="518"
                          CONTENT="verpacken u. nach Lindi schaffen, wie ich gern glaube,"/>
               </TextLine>
            </TextBlock>
         </PrintSpace>
      </Page>
   </Layout>
</alto>
