4324 5213
3814 233 187 165 75

380 250 3454 275 Unsicherheit im Entschluß ist auffallend, heut hatte sie

399 375 3690 301 mich wieder geärgert, seine Fähigkeit müde zu werden,

389 584 3514 293 ist nicht minder auffallend für mich, der ich nachts

402 713 3501 326 fest schlafe u. bei Tage Abscheu vor Schlaf empfinde.

404 904 3314 314 Es ist ihm sogar gegeben bei der Lektüre des

410 1062 3470 285 Chamberlain einzuschlafen. Und doch müssen wir

415 1278 3611 246 2 Jahre miteinander auskommen u. wir können

417 1449 3647 259 es gut, da wir im Temperament einander ähnliche

434 1657 3668 183 Naturen sind u. uns schon eine Weile gut kennen.

441 1796 3474 226 Übrigens wäre ich der, der zu weichen hätte, u. ich

445 1982 3638 222 muß mich anpassen. Aber zum ersten Male kommt

443 2137 3497 338 mir der Gedanke, was es heißt, wenn 2 Menschen

422 2377 3679 284 sich für ein ganzes Leben aneinander fesseln. „Drum

439 2569 2040 268 prüfe, war sich ewig bindet“!

670 2554 3452 394 Beim Abstiege glaubte ich einen fossilen Baumstamm

436 2816 3550 303 von ca. 6 m. Länge zu entdecken. Schoß auf Affen,

408 2992 3539 341 um d. Gewehr zu erproben: jetzt war's in schönster

416 3200 2830 295 Ordnung! Aber d. Affen wollten nicht.

644 3390 3070 291 Nachm. Gelesen. Samossa beendet. Für mich

436 3566 3488 331 anregend u. leitend, aber keine wissenschaftliche

467 3758 3389 239 Tat. Ein guter Zeitungsaufsatz mit großen Auf„

423 3936 3509 310 wande an Druckkosten. Kein rechtes Verhältnis.

420 4115 3389 321 Objektive u. doch lebhafte Darstellung, fällt sehr

437 4300 2511 292 gegen Gouverneur Rechenberg aus.
