4324 5214
326 207 239 229 124

544 188 3375 270 was alles aus den Negern zu machen ist! Und

544 349 3498 335 diese Art Musik ist ihnen doch wesensfremd. Hörte

595 535 3366 313 mit größtem Genusse zu, besonders beim Choral.

757 691 3173 320 Nachm. Gewitterregen. Abd. Im Biergarten, echt

3545 644 440 208 deutsch

945 851 3121 403 31.I u. 1.II. Nicht viel gelaufen der Verdauungs„

652 1073 3424 376 störung wegen. Auch Diät bei den hiesigen Genüssen

589 1276 3319 343 eine böse Pflicht. Montag Sattler abgefahren.

1749 1454 1733 237 Einkäufe, Zahnarzt u. s. w.

863 1534 3013 327 2.II. Nachm. mit Janensch schönen Spaziergang

591 1723 3376 305 durch die Promenaden an der See. Abd. Wir beide

612 1894 3358 346 im Offizierskasino eingeladen, große Korona, sehr

602 2075 3100 378 vornehm, die Messe kühl u. luftig, aber ein

619 2263 3323 377 wenig steif, unter den Militärs einige auf„

620 2474 3206 364 fallende Flachköpfe, doch auch ein interessanter,

607 2691 3319 339 weil interessierter Mediziner, vorzügl. Tafel„

603 2935 2978 295 musik der Askari-Kapelle. Mittags Schach.

898 3135 308 253 3.III.

1368 3070 1716 202 Morgens in den Promenaden

1164 3099 2792 336 Wollte abds. Spaziergang machen, ver„

682 3286 3190 289 lor aber durch Janensch's fabelhafte Entschluß„

669 3491 3345 336 unfähigkeit u. Langsamkeit eine Std. der besten

763 3684 3050 345 Zeit. Mich kann das jetzt so ärgern, bin ich

692 3888 3164 284 denn nervös geworden. Nach Sonnenunter„

660 4107 3297 319 gang auf den Promenaden mit dem schönen

674 4299 1853 299 Blick auf d. Puguberge.

818 4421 2958 406 4.III. Morgens 725 ab Daressalaam mit der
