<?xml version="1.0" encoding="UTF-8"?>
<alto xmlns:xsi="http://www.w3.org/2001/XMLSchema-instance"
      xmlns="http://www.loc.gov/standards/alto/ns-v2#"
      xmlns:page="http://schema.primaresearch.org/PAGE/gts/pagecontent/2013-07-15"
      xsi:schemaLocation="http://www.loc.gov/standards/alto/ns-v2# http://www.loc.gov/standards/alto/alto.xsd">
   <Description>
      <MeasurementUnit>pixel</MeasurementUnit>
      <OCRProcessing ID="IdOcr">
         <ocrProcessingStep>
            <processingDateTime>2021-02-02T09:46:14.443+01:00</processingDateTime>
            <processingSoftware>
               <softwareCreator>READ COOP</softwareCreator>
               <softwareName>Transkribus</softwareName>
            </processingSoftware>
         </ocrProcessingStep>
      </OCRProcessing>
   </Description>
   <Layout>
      <Page ID="Page1" PHYSICAL_IMG_NR="1" HEIGHT="5213" WIDTH="4324">
         <TopMargin HEIGHT="0" WIDTH="4324" VPOS="0" HPOS="0"/>
         <LeftMargin HEIGHT="5213" WIDTH="0" VPOS="0" HPOS="0"/>
         <RightMargin HEIGHT="5213" WIDTH="0" VPOS="0" HPOS="4324"/>
         <BottomMargin HEIGHT="0" WIDTH="4324" VPOS="5213" HPOS="0"/>
         <PrintSpace HEIGHT="5213" WIDTH="4324" VPOS="0" HPOS="0">
            <TextBlock ID="TextRegion_1583140385756_242"
                       HEIGHT="4674"
                       WIDTH="3568"
                       VPOS="242"
                       HPOS="428">
               <Shape>
                  <Polygon POINTS="428,242 608,242 3996,355 3996,4916 614,4916 428,407"/>
               </Shape>
               <TextLine ID="r1l1"
                         BASELINE="412"
                         HEIGHT="177"
                         WIDTH="237"
                         VPOS="235"
                         HPOS="395">
                  <String ID="string_r1l1"
                          HEIGHT="177"
                          WIDTH="237"
                          VPOS="235"
                          HPOS="395"
                          CONTENT="146"/>
               </TextLine>
               <TextLine ID="r2l1"
                         BASELINE="586"
                         HEIGHT="338"
                         WIDTH="3193"
                         VPOS="248"
                         HPOS="594">
                  <String ID="string_r2l1"
                          HEIGHT="338"
                          WIDTH="3193"
                          VPOS="248"
                          HPOS="594"
                          CONTENT="Hier bei einem Mmuëra-Jäger Tshande Lager in"/>
               </TextLine>
               <TextLine ID="r2l2"
                         BASELINE="750"
                         HEIGHT="303"
                         WIDTH="3334"
                         VPOS="447"
                         HPOS="621">
                  <String ID="string_r2l2"
                          HEIGHT="303"
                          WIDTH="3334"
                          VPOS="447"
                          HPOS="621"
                          CONTENT="dichtem, frischestem Grün. Am Bache bereits Gneißschiefer"/>
               </TextLine>
               <TextLine ID="r2l3"
                         BASELINE="922"
                         HEIGHT="306"
                         WIDTH="3360"
                         VPOS="616"
                         HPOS="626">
                  <String ID="string_r2l3"
                          HEIGHT="306"
                          WIDTH="3360"
                          VPOS="616"
                          HPOS="626"
                          CONTENT="anstehend. Auf einer Gneißkuppe Blick auf Umland; sie"/>
               </TextLine>
               <TextLine ID="r2l4"
                         BASELINE="1087"
                         HEIGHT="279"
                         WIDTH="3268"
                         VPOS="808"
                         HPOS="594">
                  <String ID="string_r2l4"
                          HEIGHT="279"
                          WIDTH="3268"
                          VPOS="808"
                          HPOS="594"
                          CONTENT="besteht aus festem, grobem Gneiß, also die Entstehung"/>
               </TextLine>
               <TextLine ID="line_1583140393098_247"
                         BASELINE="1258"
                         HEIGHT="278"
                         WIDTH="3156"
                         VPOS="980"
                         HPOS="614">
                  <String ID="string_line_1583140393098_247"
                          HEIGHT="278"
                          WIDTH="3156"
                          VPOS="980"
                          HPOS="614"
                          CONTENT="dieses Inselberges kein Problem. Post erhalten."/>
               </TextLine>
               <TextLine ID="r2l7"
                         BASELINE="1478"
                         HEIGHT="269"
                         WIDTH="3047"
                         VPOS="1209"
                         HPOS="870">
                  <String ID="string_r2l7"
                          HEIGHT="269"
                          WIDTH="3047"
                          VPOS="1209"
                          HPOS="870"
                          CONTENT="26.II. Durch wüstes Gras zur Barrabarra zurück."/>
               </TextLine>
               <TextLine ID="r2l8"
                         BASELINE="1653"
                         HEIGHT="296"
                         WIDTH="3130"
                         VPOS="1357"
                         HPOS="663">
                  <String ID="string_r2l8"
                          HEIGHT="296"
                          WIDTH="3130"
                          VPOS="1357"
                          HPOS="663"
                          CONTENT="Nun wundervoller Marsch, nur durch Stechfliegen"/>
               </TextLine>
               <TextLine ID="r2l9"
                         BASELINE="1771"
                         HEIGHT="207"
                         WIDTH="3309"
                         VPOS="1564"
                         HPOS="657">
                  <String ID="string_r2l9"
                          HEIGHT="207"
                          WIDTH="3309"
                          VPOS="1564"
                          HPOS="657"
                          CONTENT="erheblich beeinträchtigt. Unglaublich viel frische Spuren"/>
               </TextLine>
               <TextLine ID="r2l10"
                         BASELINE="2032"
                         HEIGHT="313"
                         WIDTH="2896"
                         VPOS="1719"
                         HPOS="714">
                  <String ID="string_r2l10"
                          HEIGHT="313"
                          WIDTH="2896"
                          VPOS="1719"
                          HPOS="714"
                          CONTENT="im Anfang, aber kein Wild; schoß einmal ohne"/>
               </TextLine>
               <TextLine ID="line_1583140420582_252"
                         BASELINE="2186"
                         HEIGHT="265"
                         WIDTH="2959"
                         VPOS="1921"
                         HPOS="706">
                  <String ID="string_line_1583140420582_252"
                          HEIGHT="265"
                          WIDTH="2959"
                          VPOS="1921"
                          HPOS="706"
                          CONTENT="Erfolg auf Hundsaffen. Beim ehemaligen (L)"/>
               </TextLine>
               <TextLine ID="r2l11"
                         BASELINE="2020"
                         HEIGHT="233"
                         WIDTH="369"
                         VPOS="1787"
                         HPOS="3592">
                  <String ID="string_r2l11"
                          HEIGHT="233"
                          WIDTH="369"
                          VPOS="1787"
                          HPOS="3592"
                          CONTENT="Mb"/>
               </TextLine>
               <TextLine ID="line_1583140420582_251"
                         BASELINE="2162"
                         HEIGHT="180"
                         WIDTH="393"
                         VPOS="1982"
                         HPOS="3622">
                  <String ID="string_line_1583140420582_251"
                          HEIGHT="180"
                          WIDTH="393"
                          VPOS="1982"
                          HPOS="3622"
                          CONTENT="iringwa"/>
               </TextLine>
               <TextLine ID="r2l13"
                         BASELINE="2398"
                         HEIGHT="343"
                         WIDTH="3339"
                         VPOS="2055"
                         HPOS="675">
                  <String ID="string_r2l13"
                          HEIGHT="343"
                          WIDTH="3339"
                          VPOS="2055"
                          HPOS="675"
                          CONTENT="sah mein Begleiter Hartebeester u. angeblich 3 Zebras"/>
               </TextLine>
               <TextLine ID="r2l14"
                         BASELINE="2499"
                         HEIGHT="198"
                         WIDTH="3380"
                         VPOS="2301"
                         HPOS="638">
                  <String ID="string_r2l14"
                          HEIGHT="198"
                          WIDTH="3380"
                          VPOS="2301"
                          HPOS="638"
                          CONTENT="(von letzteren keine Spuren). Ich sah nur einen braune"/>
               </TextLine>
               <TextLine ID="r2l15"
                         BASELINE="2739"
                         HEIGHT="290"
                         WIDTH="3168"
                         VPOS="2449"
                         HPOS="626">
                  <String ID="string_r2l15"
                          HEIGHT="290"
                          WIDTH="3168"
                          VPOS="2449"
                          HPOS="626"
                          CONTENT="Klecks, auf den ich nicht schießen wollte. Bei d."/>
               </TextLine>
               <TextLine ID="r2l16"
                         BASELINE="2916"
                         HEIGHT="288"
                         WIDTH="3327"
                         VPOS="2628"
                         HPOS="644">
                  <String ID="string_r2l16"
                          HEIGHT="288"
                          WIDTH="3327"
                          VPOS="2628"
                          HPOS="644"
                          CONTENT="Annäherung waren sie verschwunden. Verfolgung im"/>
               </TextLine>
               <TextLine ID="r2l17"
                         BASELINE="3091"
                         HEIGHT="310"
                         WIDTH="3138"
                         VPOS="2781"
                         HPOS="654">
                  <String ID="string_r2l17"
                          HEIGHT="310"
                          WIDTH="3138"
                          VPOS="2781"
                          HPOS="654"
                          CONTENT="hohen Grase nutzlos. Nahe dem Kungwe-Berge"/>
               </TextLine>
               <TextLine ID="r2l18"
                         BASELINE="3298"
                         HEIGHT="284"
                         WIDTH="3222"
                         VPOS="3014"
                         HPOS="647">
                  <String ID="string_r2l18"
                          HEIGHT="284"
                          WIDTH="3222"
                          VPOS="3014"
                          HPOS="647"
                          CONTENT="nähert sich unsrer Barrabarra. Diejenige von"/>
               </TextLine>
               <TextLine ID="r2l19"
                         BASELINE="3520"
                         HEIGHT="271"
                         WIDTH="3310"
                         VPOS="3249"
                         HPOS="628">
                  <String ID="string_r2l19"
                          HEIGHT="271"
                          WIDTH="3310"
                          VPOS="3249"
                          HPOS="628"
                          CONTENT="Bagamoyo, neben u. zwischen ihnen 3-4 Dörfer"/>
               </TextLine>
               <TextLine ID="r2l20"
                         BASELINE="3709"
                         HEIGHT="247"
                         WIDTH="3223"
                         VPOS="3462"
                         HPOS="676">
                  <String ID="string_r2l20"
                          HEIGHT="247"
                          WIDTH="3223"
                          VPOS="3462"
                          HPOS="676"
                          CONTENT="ohne erkennbare Grenzen (Kanghalla, Kungere, Mfosi? u."/>
               </TextLine>
               <TextLine ID="line_1583140443591_262"
                         BASELINE="3904"
                         HEIGHT="293"
                         WIDTH="3338"
                         VPOS="3611"
                         HPOS="653">
                  <String ID="string_line_1583140443591_262"
                          HEIGHT="293"
                          WIDTH="3338"
                          VPOS="3611"
                          HPOS="653"
                          CONTENT="Koo). Wir lagerten beim Karani Moham. in Mfosi(?)."/>
               </TextLine>
               <TextLine ID="r2l23"
                         BASELINE="4102"
                         HEIGHT="271"
                         WIDTH="1761"
                         VPOS="3831"
                         HPOS="695">
                  <String ID="string_r2l23"
                          HEIGHT="271"
                          WIDTH="1761"
                          VPOS="3831"
                          HPOS="695"
                          CONTENT="Sehr hügeliges, schönes Land."/>
               </TextLine>
               <TextLine ID="r2l24"
                         BASELINE="4271"
                         HEIGHT="275"
                         WIDTH="2980"
                         VPOS="3996"
                         HPOS="984">
                  <String ID="string_r2l24"
                          HEIGHT="275"
                          WIDTH="2980"
                          VPOS="3996"
                          HPOS="984"
                          CONTENT="Salesi brachte mir ein interessantes u. schönes"/>
               </TextLine>
               <TextLine ID="r2l25"
                         BASELINE="4449"
                         HEIGHT="286"
                         WIDTH="3277"
                         VPOS="4163"
                         HPOS="714">
                  <String ID="string_r2l25"
                          HEIGHT="286"
                          WIDTH="3277"
                          VPOS="4163"
                          HPOS="714"
                          CONTENT="Hornblende-Granaten-Gestein (mit Olivin?). Ich ging"/>
               </TextLine>
               <TextLine ID="r2l26"
                         BASELINE="4621"
                         HEIGHT="289"
                         WIDTH="3159"
                         VPOS="4332"
                         HPOS="673">
                  <String ID="string_r2l26"
                          HEIGHT="289"
                          WIDTH="3159"
                          VPOS="4332"
                          HPOS="673"
                          CONTENT="nachm. dorthin, wo er es von einem Schleifstein"/>
               </TextLine>
               <TextLine ID="r2l27"
                         BASELINE="4811"
                         HEIGHT="305"
                         WIDTH="3276"
                         VPOS="4506"
                         HPOS="691">
                  <String ID="string_r2l27"
                          HEIGHT="305"
                          WIDTH="3276"
                          VPOS="4506"
                          HPOS="691"
                          CONTENT="abgeschlagen hatte, konnte aber trotz aller Nachfor„"/>
               </TextLine>
               <TextLine ID="r2l28"
                         BASELINE="4993"
                         HEIGHT="284"
                         WIDTH="3292"
                         VPOS="4709"
                         HPOS="720">
                  <String ID="string_r2l28"
                          HEIGHT="284"
                          WIDTH="3292"
                          VPOS="4709"
                          HPOS="720"
                          CONTENT="schungen nichts Anstehendes finden. Dafür ungezählte"/>
               </TextLine>
            </TextBlock>
         </PrintSpace>
      </Page>
   </Layout>
</alto>
