4324 5213
3818 221 150 73 105

382 176 3620 309 aufführen (worin sie von älteren Frauen unterrichtet sind), „damit

372 342 3679 306 ein Mann komme u. sie heirate.“ Die Männlichkeit war dann

403 528 3599 291 auch aus allen Gegenden herbeigeströmt, um zuzuschauen u.

394 708 3591 338 sich hernach etwa von 2-5 mit Pombe bewirten zu lassen.

411 864 3560 333 Dieser 2te Teil d. Handlung fand unten an einer Stelle

407 1041 3599 363 statt, wo ich am andern Tage eine längliche Bambushütte,

418 1224 3673 355 wohl ein Jungfernhaus, fand. Leider erfuhr ich alles zu spät,

452 1447 2823 330 um noch Augenzeuge  sein zu können.

639 1610 3318 270 Die in d. Nähe gemeldeten Knochen konnte ich leider nicht

486 1814 3439 284 besichtigen, da d. Finder eingesperrt ist u. d. Andern nichts

485 2025 758 263 davon wissen.

690 2140 3270 350 10 Dez. Rückmarsch zum Lager. Hatte d. Absicht einen

535 2350 3446 291 neuen Aufstieg zu machen u. am Maimbwi, Barappis

537 2533 3413 344 zu suchen, doch hatte ich allmählich vom Laufen genug.

548 2702 3536 314 2 Abstecher waren noch nötig: einmal um Hundsaffen

530 2899 3390 284 von einem Kornspeicher zu verjagen, ich tötete leider

548 3125 3326 271 nur einen, wenigstens fanden wir weitere nicht;

566 3296 3316 316 zweitens einen einzelnen Knochen zu besichtigen, der

586 3510 3339 248 am Wege zum Maimbwi in tollstem Gestrüpp versteckt

565 3693 3394 241 war, aber guten Bruch zeigte u. vielleicht noch als Zeuge

577 3802 3449 329 aus der tiefsten Basis von Wert sein dürfte. Denn bei

577 3958 3475 356 d. Affenverfolgung fand ich ein Bachbett tief in's Kristal„

613 4149 3123 326 line eingeschnitten, das also fast bis an d. Fuß des

553 4346 3382 276 Namunda hineingreift und die Kreide unmittelbar

579 4543 2255 293 unterlagert. Gegen 11 Ankunft im Lager.

771 4713 2977 286 Janensch hat am Lohntag ca 70 Mann entlassen und
