4324 5214
330 331 335 214 132

610 231 3336 340 15.II: Schickte einen Teil der Leute mit Janensch's

566 406 3398 450 Zelt voraus; sie sollten morgen, während ich folgte,

565 594 3358 388 zurückkehren u. übermorgen den Rest der Lasten

546 776 3278 369 mitbringen. So war es am sparsamsten erdacht u.

567 979 3067 376 ich hatte am meisten Zeit u. Gelegenheit zum

567 1155 3372 347 Sammeln u. Beobachten. Leider verdarb mir

563 1379 3369 360 der Fuß d. Rechnung. Ich humpelte morgens auf

576 1554 3293 385 Jagd in eine herrliche weite Ebene, in der gewiß

577 1752 3429 292 wieder viel Wild, aber wie durch Zauber nichts

612 1938 3379 389 zu entdecken war außer frischer Giraffenspur von

565 2133 3299 334 erstaunlicher Größe. Ich mußte mich wieder in's

584 2294 3421 413 Gras legen u. d. Begleiter suchen lassen, so schön

598 2575 3398 256 es dort war. Die Schmerzen waren so arg, daß

552 2721 3348 289 ich d. Marsch am steinigen Bahndamm oder auf

601 2944 3402 354 ganz verwachsenen Wegen nicht wagen durfte,

592 3057 3235 426 ohne den Rest der Safari in Frage zu stellen.

608 3258 3161 366 Da leider morgen kein Zug ging, mußte ich

607 3443 3203 389 noch heut fort. Zum Glück hatte ich d. Koch auf

621 3631 3137 366 alle Fälle nach d. Abfahrtszeit fragen lassen u.

611 3808 3293 405 erfuhr, zurückgekehrt, der Zug gehe heut schon um

593 4078 3245 265 11. Das war kaum mehr als eine Std., also ohne

570 4242 3429 320 Ausruhen Lasten gepackt, Träger herbeigerufen u.

547 4397 3439 392 im Eiltempo zur Bahn hinab. Der schwarze Beamte,

595 4614 3449 344 ein Mmakua (?) mit greulicher Gesichtsentstellung, die
