4324 5214
3632 195 295 144 111

431 229 3241 273 Karikaturist, guten, wenn auch harten Witz, aber

435 391 3652 325 ohne jede Tiefe. Und diese dritte Dimension erst macht

420 549 2345 309 den flachen Reimer zum Dichter!

679 791 3025 260 23. Wieder beim Mtapaiasaurus. Die Arbeiten

500 1008 3521 308 nähern sich in den Gräben allenthalben rasch dem

476 1198 3557 317 Ende und doch müssen wir (oder wenigstens Janensch,

501 1353 3267 301 der Bedenken über Bedenken hat) recht viel

516 1566 3356 292 die Regenzeit über hier in dem Schuppen lassen,

453 1705 3468 349 so daß wir nun zu meinem Ärger doch diesmal

529 1939 1449 289 nicht fertig wären.

720 2072 3165 300 Ein heftiger u. langer Gewitterguß, der aber

486 2257 3269 314 seinesgleichen in Europa findet, setzt uns die

504 2424 3514 343 Gräben u. viele noch unabgehobene Knochen unter

475 2597 3407 301 Wasser. Auch eine Strafe für zu langes Zögern!

485 2760 2642 305 Und eine „Bescherung“ für Weihnachten.

596 2937 3185 361 24 Dez: Heilig Abend! So wohl ich mich hier

531 3144 3222 330 fühle, diese Tage habe ich bisher schöner verlebt!

672 3288 2924 368 Vorm. Puduka geschossen in d. alten Schamben.

569 3535 3229 258 Nachm. unter Anderm die Knochen jenes Embryo

514 3668 3536 307 verpackt, eine Antilope in einer Affenbrotbaumfrucht!

522 3853 2229 341 Auch eine Weihnachtsbeschäftigung!

717 4075 3306 311 Gegen Abend allein lange auf d. Tendaguru, zur Zeit,

513 4262 3305 314 da zu Haus beschert wird u. liebe Gedanken auch

533 4503 3310 271 hierher fliegen gleich d. Schwalben, die mir dicht

487 4654 3300 242 über den Kopf hinschossen. Prachtvoll klare Luft u.
