<?xml version="1.0" encoding="UTF-8"?>
<alto xmlns:xsi="http://www.w3.org/2001/XMLSchema-instance"
      xmlns="http://www.loc.gov/standards/alto/ns-v2#"
      xmlns:page="http://schema.primaresearch.org/PAGE/gts/pagecontent/2013-07-15"
      xsi:schemaLocation="http://www.loc.gov/standards/alto/ns-v2# http://www.loc.gov/standards/alto/alto.xsd">
   <Description>
      <MeasurementUnit>pixel</MeasurementUnit>
      <OCRProcessing ID="IdOcr">
         <ocrProcessingStep>
            <processingDateTime>2021-02-02T09:45:39.558+01:00</processingDateTime>
            <processingSoftware>
               <softwareCreator>READ COOP</softwareCreator>
               <softwareName>Transkribus</softwareName>
            </processingSoftware>
         </ocrProcessingStep>
      </OCRProcessing>
   </Description>
   <Layout>
      <Page ID="Page1" PHYSICAL_IMG_NR="1" HEIGHT="5213" WIDTH="4324">
         <TopMargin HEIGHT="0" WIDTH="4324" VPOS="0" HPOS="0"/>
         <LeftMargin HEIGHT="5213" WIDTH="0" VPOS="0" HPOS="0"/>
         <RightMargin HEIGHT="5213" WIDTH="0" VPOS="0" HPOS="4324"/>
         <BottomMargin HEIGHT="0" WIDTH="4324" VPOS="5213" HPOS="0"/>
         <PrintSpace HEIGHT="5213" WIDTH="4324" VPOS="0" HPOS="0">
            <TextBlock ID="r1" HEIGHT="4659" WIDTH="3651" VPOS="254" HPOS="379">
               <Shape>
                  <Polygon POINTS="379,254 379,4913 4030,4913 4030,254"/>
               </Shape>
               <TextLine ID="r1l1"
                         BASELINE="362"
                         HEIGHT="157"
                         WIDTH="191"
                         VPOS="205"
                         HPOS="414">
                  <String ID="string_r1l1"
                          HEIGHT="157"
                          WIDTH="191"
                          VPOS="205"
                          HPOS="414"
                          CONTENT="22"/>
               </TextLine>
               <TextLine ID="r1l2"
                         BASELINE="507"
                         HEIGHT="270"
                         WIDTH="3350"
                         VPOS="237"
                         HPOS="420">
                  <String ID="string_r1l2"
                          HEIGHT="270"
                          WIDTH="3350"
                          VPOS="237"
                          HPOS="420"
                          CONTENT="den Block kleine Röhren zahlreich zum Vorschein, die"/>
               </TextLine>
               <TextLine ID="r1l3"
                         BASELINE="641"
                         HEIGHT="262"
                         WIDTH="3454"
                         VPOS="379"
                         HPOS="404">
                  <String ID="string_r1l3"
                          HEIGHT="262"
                          WIDTH="3454"
                          VPOS="379"
                          HPOS="404"
                          CONTENT="stark zerbröckeln. Halte sie erst f. rezente pflanzliche"/>
               </TextLine>
               <TextLine ID="r1l4"
                         BASELINE="834"
                         HEIGHT="206"
                         WIDTH="3477"
                         VPOS="628"
                         HPOS="382">
                  <String ID="string_r1l4"
                          HEIGHT="206"
                          WIDTH="3477"
                          VPOS="628"
                          HPOS="382"
                          CONTENT="Teile, kann aber beim Zusammensetzen nicht mehr"/>
               </TextLine>
               <TextLine ID="r1l5"
                         BASELINE="1013"
                         HEIGHT="302"
                         WIDTH="3497"
                         VPOS="711"
                         HPOS="429">
                  <String ID="string_r1l5"
                          HEIGHT="302"
                          WIDTH="3497"
                          VPOS="711"
                          HPOS="429"
                          CONTENT="zweifeln, daß ich Vogelknochen vor mir habe. Sehr wich„"/>
               </TextLine>
               <TextLine ID="r1l6"
                         BASELINE="1145"
                         HEIGHT="260"
                         WIDTH="2523"
                         VPOS="885"
                         HPOS="386">
                  <String ID="string_r1l6"
                          HEIGHT="260"
                          WIDTH="2523"
                          VPOS="885"
                          HPOS="386"
                          CONTENT="tiger Fund. Vielleicht Flugsaurier?"/>
               </TextLine>
               <TextLine ID="r1l7"
                         BASELINE="1325"
                         HEIGHT="289"
                         WIDTH="2973"
                         VPOS="1036"
                         HPOS="660">
                  <String ID="string_r1l7"
                          HEIGHT="289"
                          WIDTH="2973"
                          VPOS="1036"
                          HPOS="660"
                          CONTENT="Nachm. Posho-Zahlungen. Schach, desgl. Abds."/>
               </TextLine>
               <TextLine ID="r1l8"
                         BASELINE="1472"
                         HEIGHT="255"
                         WIDTH="3295"
                         VPOS="1217"
                         HPOS="438">
                  <String ID="string_r1l8"
                          HEIGHT="255"
                          WIDTH="3295"
                          VPOS="1217"
                          HPOS="438"
                          CONTENT="D. Fieber v. Dr. J. weicht heut d. ganzen Tag nicht."/>
               </TextLine>
               <TextLine ID="r1l9"
                         BASELINE="1637"
                         HEIGHT="260"
                         WIDTH="3343"
                         VPOS="1377"
                         HPOS="608">
                  <String ID="string_r1l9"
                          HEIGHT="260"
                          WIDTH="3343"
                          VPOS="1377"
                          HPOS="608"
                          CONTENT="9. Mai, Sonntag. Vorm. auf d. Tendaguru. Herr Besser"/>
               </TextLine>
               <TextLine ID="r1l10"
                         BASELINE="1846"
                         HEIGHT="345"
                         WIDTH="3467"
                         VPOS="1501"
                         HPOS="392">
                  <String ID="string_r1l10"
                          HEIGHT="345"
                          WIDTH="3467"
                          VPOS="1501"
                          HPOS="392"
                          CONTENT="schießt ein Barappi, Festbraten auch f. d. Leute. Mache"/>
               </TextLine>
               <TextLine ID="r1l11"
                         BASELINE="1970"
                         HEIGHT="284"
                         WIDTH="3417"
                         VPOS="1686"
                         HPOS="405">
                  <String ID="string_r1l11"
                          HEIGHT="284"
                          WIDTH="3417"
                          VPOS="1686"
                          HPOS="405"
                          CONTENT="mir im Lager zu schaffen, um nicht weit von Dr. J."/>
               </TextLine>
               <TextLine ID="r1l12"
                         BASELINE="2129"
                         HEIGHT="295"
                         WIDTH="3444"
                         VPOS="1834"
                         HPOS="452">
                  <String ID="string_r1l12"
                          HEIGHT="295"
                          WIDTH="3444"
                          VPOS="1834"
                          HPOS="452"
                          CONTENT="zu sein. Nachm. Gemalt, Schach. Zum Sonnenunter„"/>
               </TextLine>
               <TextLine ID="r1l13"
                         BASELINE="2269"
                         HEIGHT="269"
                         WIDTH="3504"
                         VPOS="2000"
                         HPOS="380">
                  <String ID="string_r1l13"
                          HEIGHT="269"
                          WIDTH="3504"
                          VPOS="2000"
                          HPOS="380"
                          CONTENT="gang auf d. Tendaguru m. Hrn. Besser. Abds. Schach."/>
               </TextLine>
               <TextLine ID="r1l14"
                         BASELINE="2388"
                         HEIGHT="239"
                         WIDTH="3352"
                         VPOS="2149"
                         HPOS="628">
                  <String ID="string_r1l14"
                          HEIGHT="239"
                          WIDTH="3352"
                          VPOS="2149"
                          HPOS="628"
                          CONTENT="10. Mai. Vorm. Taubenjagd ohne Erfolg. Nachm. wieder"/>
               </TextLine>
               <TextLine ID="r1l15"
                         BASELINE="2628"
                         HEIGHT="283"
                         WIDTH="2133"
                         VPOS="2345"
                         HPOS="502">
                  <String ID="string_r1l15"
                          HEIGHT="283"
                          WIDTH="2133"
                          VPOS="2345"
                          HPOS="502"
                          CONTENT="gemalt. Schach. Sonnenuntergang."/>
               </TextLine>
               <TextLine ID="r1l16"
                         BASELINE="2693"
                         HEIGHT="205"
                         WIDTH="3185"
                         VPOS="2488"
                         HPOS="769">
                  <String ID="string_r1l16"
                          HEIGHT="205"
                          WIDTH="3185"
                          VPOS="2488"
                          HPOS="769"
                          CONTENT="Abds. gegen ¾10 glaubte Hr. Besser ein drei - vier„"/>
               </TextLine>
               <TextLine ID="r1l17"
                         BASELINE="2905"
                         HEIGHT="221"
                         WIDTH="3555"
                         VPOS="2684"
                         HPOS="426">
                  <String ID="string_r1l17"
                          HEIGHT="221"
                          WIDTH="3555"
                          VPOS="2684"
                          HPOS="426"
                          CONTENT="maliges Heben des Bettes, Schwanken der Kleider im"/>
               </TextLine>
               <TextLine ID="r1l18"
                         BASELINE="3017"
                         HEIGHT="270"
                         WIDTH="3417"
                         VPOS="2747"
                         HPOS="438">
                  <String ID="string_r1l18"
                          HEIGHT="270"
                          WIDTH="3417"
                          VPOS="2747"
                          HPOS="438"
                          CONTENT="Zelt zu bemerken u. fand am andern Morgen d."/>
               </TextLine>
               <TextLine ID="r1l19"
                         BASELINE="3179"
                         HEIGHT="279"
                         WIDTH="3573"
                         VPOS="2900"
                         HPOS="445">
                  <String ID="string_r1l19"
                          HEIGHT="279"
                          WIDTH="3573"
                          VPOS="2900"
                          HPOS="445"
                          CONTENT="angelehnten Stock mitten im Zelt liegen. Erdbeben?"/>
               </TextLine>
               <TextLine ID="r1l20"
                         BASELINE="3360"
                         HEIGHT="220"
                         WIDTH="3400"
                         VPOS="3140"
                         HPOS="419">
                  <String ID="string_r1l20"
                          HEIGHT="220"
                          WIDTH="3400"
                          VPOS="3140"
                          HPOS="419"
                          CONTENT="Alle Andern schliefen, daher weitere Beobachtungen"/>
               </TextLine>
               <TextLine ID="r1l21"
                         BASELINE="3552"
                         HEIGHT="277"
                         WIDTH="1428"
                         VPOS="3275"
                         HPOS="410">
                  <String ID="string_r1l21"
                          HEIGHT="277"
                          WIDTH="1428"
                          VPOS="3275"
                          HPOS="410"
                          CONTENT="nicht zu ermitteln."/>
               </TextLine>
               <TextLine ID="r1l22"
                         BASELINE="3561"
                         HEIGHT="176"
                         WIDTH="357"
                         VPOS="3385"
                         HPOS="1559">
                  <String ID="string_r1l22"
                          HEIGHT="176"
                          WIDTH="357"
                          VPOS="3385"
                          HPOS="1559"
                          CONTENT="Kitukituki-"/>
               </TextLine>
               <TextLine ID="line_1582881413983_1127"
                         BASELINE="3632"
                         HEIGHT="207"
                         WIDTH="3339"
                         VPOS="3425"
                         HPOS="607">
                  <String ID="string_line_1582881413983_1127"
                          HEIGHT="207"
                          WIDTH="3339"
                          VPOS="3425"
                          HPOS="607"
                          CONTENT="11. Mai. Am Doanika-Bach Wasserloch gegraben in"/>
               </TextLine>
               <TextLine ID="r1l25"
                         BASELINE="3882"
                         HEIGHT="337"
                         WIDTH="3353"
                         VPOS="3545"
                         HPOS="410">
                  <String ID="string_r1l25"
                          HEIGHT="337"
                          WIDTH="3353"
                          VPOS="3545"
                          HPOS="410"
                          CONTENT="Ton unter hartem Sandstein, da d. Wasser knapp"/>
               </TextLine>
               <TextLine ID="r1l26"
                         BASELINE="4053"
                         HEIGHT="337"
                         WIDTH="3492"
                         VPOS="3716"
                         HPOS="393">
                  <String ID="string_r1l26"
                          HEIGHT="337"
                          WIDTH="3492"
                          VPOS="3716"
                          HPOS="393"
                          CONTENT="zu werden beginnt. Weiter unterhalb wird eine"/>
               </TextLine>
               <TextLine ID="r1l27"
                         BASELINE="4147"
                         HEIGHT="237"
                         WIDTH="3572"
                         VPOS="3910"
                         HPOS="401">
                  <String ID="string_r1l27"
                          HEIGHT="237"
                          WIDTH="3572"
                          VPOS="3910"
                          HPOS="401"
                          CONTENT="Quelle entdeckt: d. Wasser tropft ständig aus einem"/>
               </TextLine>
               <TextLine ID="r1l28"
                         BASELINE="4275"
                         HEIGHT="199"
                         WIDTH="3392"
                         VPOS="4076"
                         HPOS="383">
                  <String ID="string_r1l28"
                          HEIGHT="199"
                          WIDTH="3392"
                          VPOS="4076"
                          HPOS="383"
                          CONTENT="bestimmten Horizont über einer grottenartigen"/>
               </TextLine>
               <TextLine ID="r1l29"
                         BASELINE="4462"
                         HEIGHT="282"
                         WIDTH="3442"
                         VPOS="4180"
                         HPOS="353">
                  <String ID="string_r1l29"
                          HEIGHT="282"
                          WIDTH="3442"
                          VPOS="4180"
                          HPOS="353"
                          CONTENT="Aushöhlung in der ziemlich hohen Wand durch Gras"/>
               </TextLine>
               <TextLine ID="r1l30"
                         BASELINE="4652"
                         HEIGHT="312"
                         WIDTH="3406"
                         VPOS="4340"
                         HPOS="366">
                  <String ID="string_r1l30"
                          HEIGHT="312"
                          WIDTH="3406"
                          VPOS="4340"
                          HPOS="366"
                          CONTENT="herab, sodaß hier Hoffnung auf Stetigkeit besteht."/>
               </TextLine>
               <TextLine ID="r1l31"
                         BASELINE="4798"
                         HEIGHT="273"
                         WIDTH="3680"
                         VPOS="4525"
                         HPOS="370">
                  <String ID="string_r1l31"
                          HEIGHT="273"
                          WIDTH="3680"
                          VPOS="4525"
                          HPOS="370"
                          CONTENT="Kleine Tropfsteinbildungen. Weiter oberhalb im Bachlauf"/>
               </TextLine>
               <TextLine ID="line_1582881427102_1133"
                         BASELINE="4979"
                         HEIGHT="305"
                         WIDTH="3454"
                         VPOS="4674"
                         HPOS="408">
                  <String ID="string_line_1582881427102_1133"
                          HEIGHT="305"
                          WIDTH="3454"
                          VPOS="4674"
                          HPOS="408"
                          CONTENT="fand ich ein schönes Trigonien-Pflaster gleich dem am"/>
               </TextLine>
            </TextBlock>
         </PrintSpace>
      </Page>
   </Layout>
</alto>
