4324 5213
3714 192 305 128 133

477 232 3570 283 ich photographierte, u. d. Goanese im Zuge ließen in

541 453 3490 238 km. 118 nicht halten u. ich hätte bis Ruvu fahren

550 525 3418 395 müssen, wäre nicht zufällig d. Stationsvorsteher

562 731 3482 391 aus Ngerengere mitgefahren, der mich besucht hatte

560 957 3281 358 u. durch Pfeifen auf d. Strecke halten ließ. Die

604 1106 3469 401 vorausgeschickten Träger ließ ich abds von km 123

593 1363 3508 357 herbeiholen. Da ich unerwartet bis Ruvu bezah„

541 1527 3496 393 len mußte, kostete mich mein Fuß 14,50 Rps.

791 1770 3124 328 Während des Lastenpackens beim Shamiri u.

526 1967 3384 356 am Wege hatte ich flüchtig beobachten können:

521 2156 3424 346 Das Dorf liegt auf einer Erhöhung, an dem

509 2399 3332 229 Oolith (vgl. Gongarogua-Bge!) den Hauptanteil

502 2566 3550 332 hat; am W-Abhang zum Ngerengere hin unter ihm

554 2741 3512 331 der gleichfalls  oolithische harte, blaue Kalksand„

532 2971 1512 284 stein, über ihm aber

1643 2897 597 144 mit ihm

1999 2929 1751 283 wechsellagernde sehr harte

535 3095 2720 275 konglomeratische Bänke. Am Westabhang

2767 3110 148 76 S- ?

3255 3205 596 169 dagegen ?

535 3341 3422 277 sah ich nur zu unterst die feinen braunen Sand„

516 3504 2503 282 steinletten, darauf (mit Zwischenlagen)

2722 3465 286 113 eine

2970 3478 1093 335 sehr fossilreiche

518 3698 3574 334 harte Kalkbank (auf Schnitt- u. Bruchflächen unkennt„

523 3928 3436 292 liche Schalen) eingelagert in lockern, tonige Letten,

511 4093 3612 285 die in tonigen Boden übergingen (ident. mit denen

479 4310 3489 258 bei km 136,9-137,4?). Einfallen südlich, also offen„

448 4509 2034 308 bar gleichfalls über d. Oolith.

609 4664 3142 297 Zelt an d. Haltestelle km 118 (117,8) aufgeschlagen. Das
