4324 5213
3677 178 251 193 125

537 153 3411 376 Bahn, bequem eingerichtete Wagen, angenehme

552 467 3482 275 Luft, meist bedeckter Himmel. Die 8 Std. ver„

528 633 3535 314 gingen mir im Fluge. Längs der Bahn viel

554 810 3467 345 interessante Bilder in schöne Täler, große Pflan„

593 1025 3534 338 zungen, üppig wuchernden Urwald, geolog. Profil.

653 1268 3055 318 Nicht ganz ungefährliche Kurven. Gegen 3 in

544 1439 3486 346 Mikesse, wo uns Sattler abholt u. seine Leute

632 1689 3403 301 zum Transport unsrer vielen Lasten freund„

607 1882 3547 356 lichst zur Verfügung stellt. ½ Std. bis zu seinem

543 2073 3337 364 etwas  erhöht u. schön im Walde gelegenen

562 2301 3547 309 Lager. Abds. auf 10. Min. entferntem Aussichtspunkt

592 2513 3468 336 mit prachtvollem Blick auf d. Uluguru-Hochgebirge,

583 2715 3544 287 das leider nicht ganz frei ist, u. die Gneisrücken

588 2931 2616 308 der Umgebung. Sehr schöne Landschaft.

836 3113 3025 312 5.II. Morgens mit Ali nördl. v. Lager auf

615 3334 3197 303 Jagd, leider d. Gras schon viel zu hoch u. sehr

578 3517 1447 301 naß. Viel gelesen.

742 3684 3034 381 Sonntag d. 6.II: Mit Sattler jenseits der

603 3950 3131 320 Bahn getrennt auf Barappi gejagt, nichts

561 4135 3402 356 gesehen, Gras sehr ermüdend, aber prachtvoller,

501 4326 3563 359 lichter Wald. Durch Wasser bis an d. Knie gewatet

461 4535 2035 330 u. tüchtigen Schnupfen geholt.

664 4747 1974 260 Beg. Wissmann-Biographie
