4324 5213
3708 135 284 201 109

449 218 3609 287 nicht über die halsbrescherische u. seiltänzerische Lianen„

464 355 3487 347 hängebrücke, die die Eingebornen für d. Regenzeit

401 561 3691 324 hier geschlagen haben. Wir gerieten in ganz schlimmes,

436 727 3676 342 hohes, hartes Gras, nur Wildpfade u. Elephantenstraßen

517 921 3315 339 (es sollten einige Elephanten auch jetzt hier täglich

471 1158 3392 262 durchgehen) machten es überhaupt passierbar. Ich

447 1349 3634 300 sah eine ganze Schar Schweine leicht erreichbar, hatte

448 1499 3564 288 aber bereits morgens eins geschossen und wollte

467 1674 3570 234 die „Ndogolo“ nicht verscheuchen, sah dann aber sogleich

486 1852 3377 298 ein Puduka, das ich erlegte. Dicht bei ihm fanden

519 2008 3578 291 wir zu meinem Bedauern einen Embryo, der durch

489 2231 3431 290 d. Schuß hinausgetrieben war aber unverletzt , daher

549 2362 3424 268 mitgenommen wurde, um des Skelettes willen.

529 2589 3351 285 Bald traf ich auch Janensch, der ein angeschossenes

552 2748 3309 327 Tier verfolgte. Da ich ihm nicht hinderlich sein

513 2984 3317 254 wollte u. auch recht ermüdet war, schwenkte ich

503 3120 3335 292 links ab, um mich zum Flusse u. Lager durchzu„

473 3272 3378 354 schlagen. Aber unmittelbar darauf sah ich eine

502 3444 3417 391 Ndogolo-Herde, vielleicht 10 Köpfe stark. Jetzt er„

551 3652 3478 306 folgte zu meinem Ärger wieder eine Kanona„

465 3834 3542 317 de, ohne daß ich einen Erfolg beobachten konnte.

469 4020 3430 340 Schließlich verlor ich sie bei schwerer Verfolgung

500 4222 3256 292 u. mußte mich ausruhen. Ali ging indes um

448 4343 3446 362 etwaige Blutspuren oder gefallene Tiere zu suchen,

450 4607 3501 317 denn ich hatte in d. Gras nichts sehen können. Es
