4324 5214
225 284 327 208 134

498 334 3576 280 Telephon macht auf meinen Wilhelm gewaltigen

530 557 3480 262 Eindruck, freilich war es heut besonders stark

567 687 3462 361 in Tätigkeit, da Entgleisung in d. Nähe. Arbeit

561 894 3435 352 d. ganze Nacht. Der Bahnmeister raste mehr„

585 1115 3419 315 mals mit kleinem Motor vorbei. Wilhelm

592 1332 3363 291 meinte, der Wagen würde vom Winde

625 1531 3214 319 getrieben. D. Schwarze an Telephon u. Weiche

629 1810 3376 252 recht zuverlässig u. umsichtig, aber d. Weiße

613 1931 3086 326 giebt schlechtes Beispiel, indem er ein

577 2128 3175 311 Warnungssignal ignoriert, da er besser

589 2357 1360 288 informiert war.

740 2505 3245 258 16.II: Morgens an d. Bahn aufwärts, um den Ammoniten-

578 2712 3277 248 Fundort Kinkelins zu suchen. Nicht gefunden, aber mit Hilfe

580 2900 3386 214 unsers trefflichen Salesi andre sehr gute Fossilbänke. Heut u.

551 3021 2825 241 an folgenden Tagen ferner an d. Bahn beobachtet:

839 3144 3161 271 km 123 („Jumbe“ Ufuta, nördl. Panda mbili) Am Kisongo-Bach

574 3340 3355 225 bei Panda mbili fester, aber papierschiefriger Sandstein mit spär„

591 3484 3378 197 lichen u. wenig guten Fossilien, im Bachbett unterlagert von

605 3637 3383 162 braunen Sandsteinletten. Auch am Wege nach vissima saba

584 3784 3413 262 (Siebenbrunnen, Lager d. Streckenarbeiter) Fossilfunde in hartem

591 3948 826 232 Kalksandstein.

821 4062 3082 257 121,7-8. Auf 100 m. langsam an der ca 1½ m hohen Böschung

621 4269 3329 253 hinziehenden, nach W. ausbeißend, aber anscheinend noch ein„

632 4377 3409 256 mal wiederkehrend eine harte Kalkbank mit meist schlechten

590 4518 3216 281 Fossilien, aber charakterisiert durch sehr lange, turmförmige,

563 4674 3441 303 dünnwandige Schnecken u. großschalige, stets nur im Bruch erschei„
