4324 5213
3815 170 161 183 51

494 204 3406 256 29. Juli. Nachts Löwengebrüll auf verschiedenen Seiten, von

434 357 3482 233 dem ich bei meinem Schlafe wieder einmal nichts

462 495 3506 295 hörte. Rundgang zu den Gräben mit Gewehr u. Pistole.

465 626 3337 272 An der neuen Quelle (östl. d. Lagers) greift eine Löwin

503 785 3319 317 gegen 9 Uhr die Weiber an u. reißt einer d. Tuch vom

484 963 3248 320 Leibe, entflieht aber bei deren Geschrei. Das Wasser

481 1162 3393 326 mußten wir uns offen halten, also gingen Janensch

510 1314 3397 317 u. ich nebst Boys mit sämtlichen Feuerwaffen u.

516 1521 3125 281 eine Zahl Aufseher u. andrer Leute mit allen

499 1645 3377 328 vorhandenen Speeren (meist im Besitz d. Wangoni)

504 1793 3342 318 u. Stücken auf die Streife. Vorsichtig wurde die

542 1937 3514 357 weitere Umgebung des Baches abgesucht, keine Spur.

530 2153 3377 275 Am Abend zweiter Feldzug gegen d. abwesenden

488 2307 3402 285 Feind, um den letzten Wassertransport zu decken.

507 2558 1103 275 Brief an Mama.

604 2651 3399 358 30. Juli: Auch heut noch Vorsicht geboten. Der Feind ist

513 2860 1339 357 noch gehört worden.

649 3103 2025 306 31. Juli: Lohn- u. Poscho-Zahlung.

713 3258 2928 359 Sonntag d. 1. August: Gemalt (nach Photographie.)

848 3489 2918 299 Uns wird eine hübsche Lima gebracht, können

642 3641 3300 275 aber den Fundort nicht mehr besichtigen, weil

606 3882 838 288 heut zu spät

759 3989 3194 333 2. August: Nachm. zu d. Fundort auf d. Wege zum

566 4201 3428 280 Kerani Ligoma gegangen, ohne jedoch die Mutter„

567 4381 2633 302 schicht ausfindig machen zu können.

756 4511 3085 284 3. August: Ein Wasserträger hatte gestohlen u. anfänglich

500 4784 3215 237 geleugnet. Ich erledigte das Shauri, da Dr. Janensch die
