4324 5213
3684 209 221 154 145

371 232 3623 262 Kurz vor dem Jumben durch den ziemlich wasserreichen

358 439 3330 271 Matuli-Bach. Heut wie gestern keinen Tropenhelm

420 582 3342 322 getragen, da ständig bedeckt. Nachm. u. d. ganze Nacht

433 811 3525 286 hindurch 12-stündiger, oft ziemlich kräftiger Regen.

720 986 2982 268 Große Schwalbenart in Scharen (Flugübungen?)

434 1165 3312 273 Wie all die Tage, auch an d. Bahn, zahlreiche große

473 1323 3246 265 Raubvögel in d. Luft. Storchartiger Vogel sehr hoch.

715 1496 2890 267 Salesi bringt mir Gesteinsprobe aus d. Nähe:

526 1724 2475 248 Grobe Sandsteine mit Toneinschlüssen.

651 1849 3121 312 Eine Szene zum Jesus, über deren Notwendigkeit noch

488 2052 1030 261 nicht ganz klar.

729 2220 3152 305 25.II: Morgens von Scharen fliegender Ameisen am

489 2439 3255 248 Frühstücken verhindert. Weg unerwartet gut, Luft

534 2631 2919 263 angenehm. Auf Barrabarra Giraffe aufgescheucht.

727 2722 3131 319 Gröbere Konglomerate deuten Nähe des Kristallinen

485 2947 3330 231 an, darin Gerölle aus Konglomerat! Im übrigen die

499 3010 3208 341 braunen sandigen Letten. Ich zweifle nun ganz an

564 3214 3289 307 hier anstehenden Karroo. Die ganze Jurafolge besteht

487 3412 3366 307 aus jenen Letten, alles andre sind darin von Zeit

510 3632 2403 247 zu Zeit eingelagerte Bänke aller Art.

706 3808 2989 283 Durch den Matuli-Fluß, ich bis über d. Hüften

457 3906 2489 339 hinein geraten; er fließt hier nach W

2760 3954 322 145 links

2899 4028 843 217 , um erst im

464 4153 3038 286 Bogen zum Ngerengere zurück zu eilen. In

464 4328 3075 333 Magona Barrabarra verlassen, da die folgenden

443 4550 3360 306 Dörfer auf längere Strecke durch Abwandern einge„

468 4727 3443 277 gangen. Auf unter Wasser gesetzten Wegen nach Lukosse.
