<?xml version="1.0" encoding="UTF-8"?>
<alto xmlns:xsi="http://www.w3.org/2001/XMLSchema-instance"
      xmlns="http://www.loc.gov/standards/alto/ns-v2#"
      xmlns:page="http://schema.primaresearch.org/PAGE/gts/pagecontent/2013-07-15"
      xsi:schemaLocation="http://www.loc.gov/standards/alto/ns-v2# http://www.loc.gov/standards/alto/alto.xsd">
   <Description>
      <MeasurementUnit>pixel</MeasurementUnit>
      <OCRProcessing ID="IdOcr">
         <ocrProcessingStep>
            <processingDateTime>2021-02-02T09:45:39.658+01:00</processingDateTime>
            <processingSoftware>
               <softwareCreator>READ COOP</softwareCreator>
               <softwareName>Transkribus</softwareName>
            </processingSoftware>
         </ocrProcessingStep>
      </OCRProcessing>
   </Description>
   <Layout>
      <Page ID="Page1" PHYSICAL_IMG_NR="1" HEIGHT="5213" WIDTH="4324">
         <TopMargin HEIGHT="0" WIDTH="4324" VPOS="0" HPOS="0"/>
         <LeftMargin HEIGHT="5213" WIDTH="0" VPOS="0" HPOS="0"/>
         <RightMargin HEIGHT="5213" WIDTH="0" VPOS="0" HPOS="4324"/>
         <BottomMargin HEIGHT="0" WIDTH="4324" VPOS="5213" HPOS="0"/>
         <PrintSpace HEIGHT="5213" WIDTH="4324" VPOS="0" HPOS="0">
            <TextBlock ID="r3" HEIGHT="4621" WIDTH="3725" VPOS="276" HPOS="365">
               <Shape>
                  <Polygon POINTS="365,276 365,4897 4090,4897 4090,276"/>
               </Shape>
               <TextLine ID="r3l1"
                         BASELINE="354"
                         HEIGHT="144"
                         WIDTH="174"
                         VPOS="210"
                         HPOS="3779">
                  <String ID="string_r3l1"
                          HEIGHT="144"
                          WIDTH="174"
                          VPOS="210"
                          HPOS="3779"
                          CONTENT="23"/>
               </TextLine>
               <TextLine ID="r3l2"
                         BASELINE="488"
                         HEIGHT="251"
                         WIDTH="3730"
                         VPOS="237"
                         HPOS="356">
                  <String ID="string_r3l2"
                          HEIGHT="251"
                          WIDTH="3730"
                          VPOS="237"
                          HPOS="356"
                          CONTENT="Maimbui. D. Liegende dieser Schicht hier also anders"/>
               </TextLine>
               <TextLine ID="r3l3"
                         BASELINE="666"
                         HEIGHT="259"
                         WIDTH="1415"
                         VPOS="407"
                         HPOS="380">
                  <String ID="string_r3l3"
                          HEIGHT="259"
                          WIDTH="1415"
                          VPOS="407"
                          HPOS="380"
                          CONTENT="als am Namyura."/>
               </TextLine>
               <TextLine ID="r3l4"
                         BASELINE="754"
                         HEIGHT="210"
                         WIDTH="3457"
                         VPOS="544"
                         HPOS="651">
                  <String ID="string_r3l4"
                          HEIGHT="210"
                          WIDTH="3457"
                          VPOS="544"
                          HPOS="651"
                          CONTENT="Mittags plötzlicher, starker Durchfall mit vorüber„"/>
               </TextLine>
               <TextLine ID="r3l5"
                         BASELINE="983"
                         HEIGHT="242"
                         WIDTH="3688"
                         VPOS="741"
                         HPOS="424">
                  <String ID="string_r3l5"
                          HEIGHT="242"
                          WIDTH="3688"
                          VPOS="741"
                          HPOS="424"
                          CONTENT="gehender Übelkeit. Nachm. zu Bett gelegen, aber wieder"/>
               </TextLine>
               <TextLine ID="r3l6"
                         BASELINE="1160"
                         HEIGHT="247"
                         WIDTH="3415"
                         VPOS="913"
                         HPOS="404">
                  <String ID="string_r3l6"
                          HEIGHT="247"
                          WIDTH="3415"
                          VPOS="913"
                          HPOS="404"
                          CONTENT="ganz wohl. Buch v. Plehn üb. Tropenhygiene mit"/>
               </TextLine>
               <TextLine ID="r3l7"
                         BASELINE="1265"
                         HEIGHT="175"
                         WIDTH="3553"
                         VPOS="1090"
                         HPOS="435">
                  <String ID="string_r3l7"
                          HEIGHT="175"
                          WIDTH="3553"
                          VPOS="1090"
                          HPOS="435"
                          CONTENT="Interesse gelesen. Dr. J. steht zum ersten Mal auf."/>
               </TextLine>
               <TextLine ID="r3l8"
                         BASELINE="1490"
                         HEIGHT="275"
                         WIDTH="1856"
                         VPOS="1215"
                         HPOS="418">
                  <String ID="string_r3l8"
                          HEIGHT="275"
                          WIDTH="1856"
                          VPOS="1215"
                          HPOS="418"
                          CONTENT="Abds. Schach m. Hrn. Besser."/>
               </TextLine>
               <TextLine ID="line_1582881478115_1147"
                         BASELINE="1650"
                         HEIGHT="314"
                         WIDTH="3437"
                         VPOS="1336"
                         HPOS="561">
                  <String ID="string_line_1582881478115_1147"
                          HEIGHT="314"
                          WIDTH="3437"
                          VPOS="1336"
                          HPOS="561"
                          CONTENT="12. Mai: Vorm. Größten bisherigen Knochen (im Pori"/>
               </TextLine>
               <TextLine ID="line_1582881482538_1152"
                         BASELINE="1766"
                         HEIGHT="263"
                         WIDTH="3530"
                         VPOS="1503"
                         HPOS="406">
                  <String ID="string_line_1582881482538_1152"
                          HEIGHT="263"
                          WIDTH="3530"
                          VPOS="1503"
                          HPOS="406"
                          CONTENT="unweit des Lagers geborgen. Zum Sonnenuntergang."/>
               </TextLine>
               <TextLine ID="r3l13"
                         BASELINE="1912"
                         HEIGHT="168"
                         WIDTH="3349"
                         VPOS="1744"
                         HPOS="569">
                  <String ID="string_r3l13"
                          HEIGHT="168"
                          WIDTH="3349"
                          VPOS="1744"
                          HPOS="569"
                          CONTENT="13. Mai: Nachm. Schach m. Dr. Janensch. Zum Sonnen„"/>
               </TextLine>
               <TextLine ID="line_1582881488120_1157"
                         BASELINE="2116"
                         HEIGHT="225"
                         WIDTH="3526"
                         VPOS="1891"
                         HPOS="424">
                  <String ID="string_line_1582881488120_1157"
                          HEIGHT="225"
                          WIDTH="3526"
                          VPOS="1891"
                          HPOS="424"
                          CONTENT="untergang. Mollusken aus d. Saurierschichten verpackt."/>
               </TextLine>
               <TextLine ID="r3l16"
                         BASELINE="2213"
                         HEIGHT="235"
                         WIDTH="3469"
                         VPOS="1978"
                         HPOS="589">
                  <String ID="string_r3l16"
                          HEIGHT="235"
                          WIDTH="3469"
                          VPOS="1978"
                          HPOS="589"
                          CONTENT="14 Mai: Mittags Post aus Europa durch Zwischendampfer."/>
               </TextLine>
               <TextLine ID="r3l17"
                         BASELINE="2438"
                         HEIGHT="270"
                         WIDTH="3314"
                         VPOS="2168"
                         HPOS="435">
                  <String ID="string_r3l17"
                          HEIGHT="270"
                          WIDTH="3314"
                          VPOS="2168"
                          HPOS="435"
                          CONTENT="Abends nach d. Schach nach mehrtägiger Verstopfung"/>
               </TextLine>
               <TextLine ID="r3l18"
                         BASELINE="2555"
                         HEIGHT="255"
                         WIDTH="3533"
                         VPOS="2300"
                         HPOS="451">
                  <String ID="string_r3l18"
                          HEIGHT="255"
                          WIDTH="3533"
                          VPOS="2300"
                          HPOS="451"
                          CONTENT="wieder starker Durchfall, böse Nacht. Offenbar starke Er„"/>
               </TextLine>
               <TextLine ID="r3l19"
                         BASELINE="2711"
                         HEIGHT="280"
                         WIDTH="3409"
                         VPOS="2431"
                         HPOS="432">
                  <String ID="string_r3l19"
                          HEIGHT="280"
                          WIDTH="3409"
                          VPOS="2431"
                          HPOS="432"
                          CONTENT="kältung, denn gleichzeitig Schnupfen. Vorher wieder,"/>
               </TextLine>
               <TextLine ID="line_1582881495185_1162"
                         BASELINE="2895"
                         HEIGHT="308"
                         WIDTH="3621"
                         VPOS="2587"
                         HPOS="417">
                  <String ID="string_line_1582881495185_1162"
                          HEIGHT="308"
                          WIDTH="3621"
                          VPOS="2587"
                          HPOS="417"
                          CONTENT="wie auch neulich, sehr empfindlich für Wärme u. Kühle."/>
               </TextLine>
               <TextLine ID="r3l22"
                         BASELINE="3028"
                         HEIGHT="255"
                         WIDTH="3402"
                         VPOS="2773"
                         HPOS="525">
                  <String ID="string_r3l22"
                          HEIGHT="255"
                          WIDTH="3402"
                          VPOS="2773"
                          HPOS="525"
                          CONTENT="15. Mai. Vorm. zu Bett geblieben, bis es im Zelt zu"/>
               </TextLine>
               <TextLine ID="r3l23"
                         BASELINE="3168"
                         HEIGHT="288"
                         WIDTH="3455"
                         VPOS="2880"
                         HPOS="471">
                  <String ID="string_r3l23"
                          HEIGHT="288"
                          WIDTH="3455"
                          VPOS="2880"
                          HPOS="471"
                          CONTENT="H heiß wurde. Bornhardt u. Karten studiert. Ganzen"/>
               </TextLine>
               <TextLine ID="r3l24"
                         BASELINE="3376"
                         HEIGHT="318"
                         WIDTH="3665"
                         VPOS="3058"
                         HPOS="390">
                  <String ID="string_r3l24"
                          HEIGHT="318"
                          WIDTH="3665"
                          VPOS="3058"
                          HPOS="390"
                          CONTENT="Tag nicht fortgegangen. Nachm. Fontane's „L'Adultera“ begon„"/>
               </TextLine>
               <TextLine ID="line_1582881502474_1166"
                         BASELINE="3510"
                         HEIGHT="284"
                         WIDTH="2304"
                         VPOS="3226"
                         HPOS="405">
                  <String ID="string_line_1582881502474_1166"
                          HEIGHT="284"
                          WIDTH="2304"
                          VPOS="3226"
                          HPOS="405"
                          CONTENT="nen. Früh zu Bett. Posho-Lohn-Zahlung"/>
               </TextLine>
               <TextLine ID="r3l27"
                         BASELINE="3701"
                         HEIGHT="308"
                         WIDTH="3480"
                         VPOS="3393"
                         HPOS="486">
                  <String ID="string_r3l27"
                          HEIGHT="308"
                          WIDTH="3480"
                          VPOS="3393"
                          HPOS="486"
                          CONTENT="16. Mai, Sonntag. Vorm. m. Dr. Janensch auf d. barra-"/>
               </TextLine>
               <TextLine ID="r3l28"
                         BASELINE="3833"
                         HEIGHT="259"
                         WIDTH="3407"
                         VPOS="3574"
                         HPOS="338">
                  <String ID="string_r3l28"
                          HEIGHT="259"
                          WIDTH="3407"
                          VPOS="3574"
                          HPOS="338"
                          CONTENT="barra um d. Tendaguru. Taube geschossen, meine"/>
               </TextLine>
               <TextLine ID="r3l29"
                         BASELINE="4003"
                         HEIGHT="309"
                         WIDTH="3756"
                         VPOS="3694"
                         HPOS="347">
                  <String ID="string_r3l29"
                          HEIGHT="309"
                          WIDTH="3756"
                          VPOS="3694"
                          HPOS="347"
                          CONTENT="erste Jagdbeute. Versteinerungsfunde. Frische Leopard-Spuren."/>
               </TextLine>
               <TextLine ID="r3l30"
                         BASELINE="4156"
                         HEIGHT="263"
                         WIDTH="3526"
                         VPOS="3893"
                         HPOS="544">
                  <String ID="string_r3l30"
                          HEIGHT="263"
                          WIDTH="3526"
                          VPOS="3893"
                          HPOS="544"
                          CONTENT="Gelesen, Fontane beendet; manches Gute, doch im Ganzen"/>
               </TextLine>
               <TextLine ID="line_1582881509000_1171"
                         BASELINE="4291"
                         HEIGHT="241"
                         WIDTH="3517"
                         VPOS="4050"
                         HPOS="386">
                  <String ID="string_line_1582881509000_1171"
                          HEIGHT="241"
                          WIDTH="3517"
                          VPOS="4050"
                          HPOS="386"
                          CONTENT="anspruchslos. In Plehn's Tropenhygiene üb. klimatische"/>
               </TextLine>
               <TextLine ID="r3l33"
                         BASELINE="4506"
                         HEIGHT="279"
                         WIDTH="1313"
                         VPOS="4227"
                         HPOS="380">
                  <String ID="string_r3l33"
                          HEIGHT="279"
                          WIDTH="1313"
                          VPOS="4227"
                          HPOS="380"
                          CONTENT="Verhältnisse gelesen."/>
               </TextLine>
               <TextLine ID="r3l34"
                         BASELINE="4628"
                         HEIGHT="265"
                         WIDTH="1535"
                         VPOS="4363"
                         HPOS="595">
                  <String ID="string_r3l34"
                          HEIGHT="265"
                          WIDTH="1535"
                          VPOS="4363"
                          HPOS="595"
                          CONTENT="Abend. Schach m. Dr. J."/>
               </TextLine>
               <TextLine ID="r3l35"
                         BASELINE="4767"
                         HEIGHT="219"
                         WIDTH="2511"
                         VPOS="4548"
                         HPOS="439">
                  <String ID="string_r3l35"
                          HEIGHT="219"
                          WIDTH="2511"
                          VPOS="4548"
                          HPOS="439"
                          CONTENT="17. Mai: Nachm. Noch einmal etwas Regen."/>
               </TextLine>
               <TextLine ID="line_1582881516056_1176"
                         BASELINE="4972"
                         HEIGHT="274"
                         WIDTH="2603"
                         VPOS="4698"
                         HPOS="739">
                  <String ID="string_line_1582881516056_1176"
                          HEIGHT="274"
                          WIDTH="2603"
                          VPOS="4698"
                          HPOS="739"
                          CONTENT="Jonas Lie: „Eine Ehe“ begonnen. Schach m. Hrn. Besser"/>
               </TextLine>
            </TextBlock>
         </PrintSpace>
      </Page>
   </Layout>
</alto>
