4324 5214
400 203 281 212 120

535 270 3455 307 Dr. Wolff u. Frau zum Kartenspiel. Ich hielt merk„

589 412 2052 333 würdigerweise bis 12 Uhr aus.

817 608 3259 324 17. Januar: Janensch fuhr m. einigen Leuten hinü„

576 901 3391 213 ber in's Tertiär. Ich kann immer noch nicht ohne

611 963 3367 314 Beschwerde in Safaristiefeln gehen u. blieb, um zu

606 1142 3378 231 malen. Kaum hatte ich am Strande d. Bucht alles

615 1289 3470 279 bereit, da begann es zu regnen u. bei der eiligen

596 1480 3491 315 Flucht griff mein Begleiter erst auf die Farben, dann

590 1648 3315 278 an den weißen Helm. Etwas ärgerlich über d.

613 1790 3075 310 mißglückte Unternehmen. Janensch's Leute

623 1959 2448 291 bringen eine hübsche Ausbeute heim.

799 2251 3095 208 18. Januar: Kassenarbeiten. Im Orte photographiert,

609 2427 3103 178 da endlich wieder einmal d. Sonne scheint.

814 2514 2912 325 19.I: Herrliches Wetter, Glanz in den Palmen,

654 2659 3244 355 tiefe Schatten und strahlende See. Nachm. Ankunft des

625 2835 3396 334 stellvertretenden Gouverneurs von Spalding. Janensch u.

613 2933 3473 462 ich fuhren m. Hrn. Marks von d. D. O. A. G. an Bord u. ließen

689 3184 3319 326 uns vorstellen, um d. Erlaubnis zum Mitfahren nach Daressa-

706 3363 3352 280 laam zu erbitten. D. Schiff bleibt aber 4 Tage von Salale

707 3526 3138 327 liegen, da d. Gouverneur d. Rufiyi hinauffährt. Das

727 3672 3392 303 wäre zwar auch unser Wunsch, aber auf d. Ruf.-Dampfer

700 3842 3393 319 ist d. Platz beschränkt. Wir warten also bis zum Postdampfer

700 4026 3412 246 - zu meiner Freude, denn ich habe hier noch zu malen,

689 4141 3285 382 fühle mich auch überaus wohl. v. Spalding den Saurierknochen

3784 4234 341 178 gezeigt.

866 4309 3017 320 Abend: Festessen (21 Personen, darunter 4 Damen) in

645 4443 3193 317 d. alten Schaurihalle, die sehr geschmackvoll u. gemütlich

673 4680 855 280 hergerichtet ist.
