4324 5213
3883 230 161 134 39

576 237 3356 210 Abend m. Dr. J. u. Boy's. zu d. ehemaligen Schamben, wo herrliche

389 337 3409 237 Bilder (ein Baum wie v. Hoffmann-Fallersleben gemalt). Höre,

381 476 3609 306 daß d. Schwarzen außer d. arabischen Sternkunde (die sie vielleicht erst

389 622 3682 237 angeregt haben könnte?) Namen f. einzelne helle Sterne, sonst

387 730 3732 330 aber f. gewisse Gruppen, also Sternbilder haben (übrigens Namen,

374 888 3472 320 die keinen übertragenen Sinn enthalten) u. natürlich auch

373 1065 3429 299 Aberglauben (z. B. betr. d. Nähe des Todes) daran knüpfen.

641 1180 3289 347 Die Wangoni treten bei uns in Arbeit, bei d. Muëra's

435 1311 3683 401 scheinen sie noch immer in höllischem Respekt zu stehen.

394 1505 3563 307 Unverfälschte Wilde darunter, aber in Gestalt, Farbe, Ausdruck

398 1648 3074 331 ungemein verschieden, auch kein reiner Stamm.

652 1751 3348 350 Montag 19. Juli Vorm. viel Arbeit mit den zahlreichen,

435 1961 3568 290 neuen Arbeitskräften (jetzt ca 130 Mann). Neuen Graben dicht

403 2101 3450 305 am Lager (nördl.) begonnen, wo zahlreiche gute Funde

412 2376 1087 187 oben auf liegen.

559 2421 3398 301 Abends jetzt fast regelmäßig auf Jagd, sehe auch meist

351 2598 2471 273 Wild, komme aber nie zum Schuß

592 2688 3555 308 20. Juli: Jenseits d. Barrabarra wird mir wiederrum

440 2870 2409 288 ein reicher Knochenfund gezeigt.

601 2982 3520 292 21. Juli Abend: Eine mir schon seit über Monatsfrist auf

493 3114 3482 311 d. Lippen schwebende Bitte um Safari wird von Dr. J.

497 3293 3274 334 gewährt. Meine sondierenden Fragen fanden nie ein

479 3408 3606 294 warmes Echo, so daß ich mich geduldete, auch um ihm selbst

514 3548 3498 315 in seinen dies bez. Entschlüssen nicht vorzugreifen. Jetzt

487 3736 3279 289 ist aber Eile von Nöten: In mehr denn einem

470 3848 3501 372 Vierteljahr haben wir zwei geologisch noch nicht so„

461 3976 3513 394 viel geleistet wie Prof. Fraas in einer Woche; am

465 4175 3457 364 Lohntage muß ich zurück sein u. im August wird

479 4304 3617 337 vielleicht d. Verpflegung schon schwieriger. Ich selbst kann

458 4512 3652 275 bei unsrer Arbeit völlig entbehrt werden u. - daß ich's

455 4694 3416 277 mir nur gestehe - last not least möchte ich in 2 Jahren
