4324 5214
335 230 268 230 140

607 279 3296 299 Aquarelliert. Abend auf Jagd, ich schoß auf ein Puduka,

546 484 3390 287 das hoch aufsprang, sich überschlug u. liegen blieb, aber

576 614 3329 264 beim Näherkommen eiligst entfloh ohne eine Blutspur

609 760 3294 318 zu hinterlassen. Janensch schoß 2 Elen-Antilopen, die

591 972 3155 258 die Leute in Dunkelheit u. heftigem Gewitterregen

579 1145 2577 278 heimbrachten. Mit „kalter Ente“ gefeiert.

856 1357 3094 197 21.II: Auf Jagd, Janensch jenseits wie gestern, an der

546 1504 3386 309 Barrabarra, schoß ein Swalla; ich von unserm Lagerwirt,

561 1723 3272 209 dem Karani Mfaumbe geführt, an andrer Stelle über d.

548 1882 3415 271 Fluß in eine herrliche, weite Grasebene voll seltsamer

551 2060 3428 281 niedriger Dorngewächse. Mir waren Giraffen, Gnuherden,

549 2264 3502 282 Hartebeester, Swalla's u. a. m. in Mengen versprochen

573 2410 3124 272 worden u. dies echt-afrikanische Land birgt auch

566 2564 3428 312 sicher deren die Menge. Allein ich habe in all diesen

572 2826 3349 212 Tagen kein Glück. Ein Hartebeest konnte ich nur bis

571 2962 3195 280 auf mehr als 120 m. anschleichen wegen des ganz

550 3135 3207 285 ungedeckten Geländes, dann schoß ich mit Stechen u.

551 3290 3351 328 Auflagen. Es ging ab, hinterließ aber von Zeit zu

539 3525 3515 227 Zeit reichlich Blut u. Fleischstückchen. Immer wieder verloren

581 3674 3112 242 u. fanden wir d. Spur, bis wir's endlich in einer

619 3845 3320 267 Niederung voll hohen Grases aufgeben mußten. Wäh„

578 3983 3211 243 rend der Verfolgung wurde mir hier u. da ein

609 4214 3410 260 Swalla gezeigt, ich sah auch flüchtig eine kleine Herde

609 4397 3146 256 davon, wollte mich aber zunächst nicht darauf

617 4557 3285 283 einlassen. Hernach streiften wir lange Zeit vergeblich,
