4324 5213
3826 216 189 139 17

415 259 3643 277 Das Gestein dieses offenbaren Erosionsrestes, der im N. u. W.

407 410 3568 295 ziemlich steil abfällt, ist Granit od. Gneiß, in denen d.

423 573 3427 308 Quarz fast Alleinherrscher ist. Das grüne Gestein nicht

452 741 3462 305 gesehen. Oben 9h, im Lager 10h. Abschiedstrunk mit

442 910 3517 319 Hrn. Sattler, ab 10¾, von ihm eine Strecke begleitet.

482 1080 3503 328 12¼ im Lager in Ntondo. Nachm. wieder starker

443 1342 3464 209 Regen. Zum ersten Mal allein in schwarzer Um„

472 1448 3396 245 gebung, kam m. d. Sprache recht gut zurecht. Der

456 1573 3504 291 Jumbe „schenkte“ Hühner, Eier u. Mehl, die man stets

501 1741 3538 298 zu bezahlen hat u. nicht abweisen kann. Infolge„

505 1937 3166 335 dessen Geldschwierigkeit, Brief an Sattler geschickt.

480 2064 3441 304 Der Jumbe ist zwar erst 7 Jahre hier, behauptete

481 2248 2094 244 aber nach einigem Besinnen

2431 2295 274 80 sich an

2575 2293 1382 207 „bana Fromm“ noch

492 2440 3444 262 zu erinnern u. kennzeichnete ihn mit. „kazi ya

461 2598 2232 280 mawe (Steinarbeit), d. h. Geologe.

684 2863 3382 293 3. Mai. Aufbruch nach 6. Herrliche Vegetationsbilder

492 3034 3472 225 an d. Barra-barra. Granite u. Gneise wechseln bis

532 3232 3450 230 in d. Fuß des Namyura, nur auf d. letzten, einander

455 3443 3611 218 schnell folgenden Hügelrücken einige Blöcke, an deren

468 3529 3495 291 Konglomeratnatur ich nur wegen der Kristallinen

459 3756 3608 291 Umgebung zweifelte; vielleicht verbackener Überflächen„

437 3938 3609 286 schutt, auch ein alte Baumwurzel war bereits zu

518 4108 3527 352 „Stein“ geworden. Zuletzt auch vereinzelte Blöcke von

469 4289 3547 417 abweichendem Habitus (roter u. dunklerer Quarzpor„

502 4524 3515 382 phyr?) Beim Anstieg beobachtete ich dann, soweit
