4324 5213
3653 126 187 174 27

466 226 3651 251 31. Mai: Briefe geschrieben. M. Hrn. Besser zu d. Knochenfunden

432 316 2273 312 nördl. d. Tendaguru u. zur Barrabarra.

481 456 3455 336 1. Juni. Erhalten 2 ganz junge Leoparden, die ein Mann

555 714 1538 282 im Pori gefunden hat.

490 863 3554 279 2. Juni. Vorm. im Lager aquarelliert. Nachm. Schach mit

485 1055 3604 332 Hrn. Besser, dann Abschiedstrunk für ihn auf d. Tendaguru:

535 1192 3349 312 „Es saßen 3 Burschen“; schöne Aussicht, Sonnenuntergang,

478 1341 3484 323 dann Mondschein, dazu Wein, Kaviar u. gute Stimmung,

435 1550 3592 295 ringsum herbstliche Farben, es war wie ein Klang

453 1682 3670 274 aus romantischer Zeit am Rhein. Im Mondschein zurück.

453 1875 3536 209 Abends: Im Dorf Ngoma zur Feier der Pombe-Bereitung.

417 2005 3358 246 Kleines Schauri. Erste große Grasbrände im Mbenkuru-Tal gesehen.

507 2166 3573 261 3. Mai. Morgens Abreise Hrn. Besser's. Vorher mußte er

421 2302 3609 268 noch ein Schauri erledigen, dessen Hauptperson u. Leidtra„

457 2496 3362 276 gender mein Ali war (Streitigkeiten im nächtlichen

478 2604 3393 241 Kartenspiel). Mit Dr. Janensch auf d. Nordseite

432 2752 3596 253 neue Stelle zum Graben ausgesucht. Abends erster Fall

414 2928 2655 264 von Schlangenbiß, zum Glück ungefährlich.

570 3065 3243 281 Recht wolkig, sogar gelegentlich einzelne Tropfen bis

436 3273 700 257 Sprühregen.

577 3364 3523 288 4. Juni Auf d. Nordseite zu graben angefangen. Im

416 3557 3602 248 Chamberlain gelesen. Machte Ali nochmals Vorhaltungen

409 3742 3597 302 u. freute mich über sein Benehmen: er gab zu gefehlt

439 3879 3476 287 zu haben, wollte aber deshalb nicht in Bausch u.

428 4024 3428 282 Bogen verurteilt sein. Das hier sehr übliche Wort

411 4154 3684 239 Lügner wollte er nicht auf sich sitzen lassen, vielmehr

400 4278 3725 267 wenn er mein Vertrauen nicht hätte, Abschied haben.

401 4463 3564 280 Ich sagte, wenn er wolle, könne er gehen, obwohl ich bisher

430 4562 3521 276 mit ihm zufrieden gewesen sei. Er stutzte, blieb aber. Auf

405 4740 3701 247 d. Frage, ob er sich nochmal vergehen wolle, antwortete
