4324 5214
364 210 299 208 152

587 223 3254 324 im Missionsgarten; ein entfernter Jumbe holte auf unsre

571 415 3134 330 Bitte um Brennholz das Gewünschte von seinem Dach

584 590 2626 341 herunter. 11. Besuch auf d. Mission. O der Wein!

767 696 3262 275 12.III. Den Gebirgskessel aufwärts nach Tschenzema. Nach der

510 866 3455 361 Höhe zu andre Vegetation, vor allem charakteristisch eine

513 1054 3488 335 Palmenart, die mich an Korallenstöcke erinnerte. Dicht

574 1194 3434 266 unter dem ca 2000 m. hohen Paß üppigste Vegetation u.

581 1314 3272 350 überall sprudelndes Wasser, sogar Wasserfälle. Die

577 1464 3298 341 breite alpine Straße zog sich in langen Serpentinen

592 1635 3372 286 an den Hängen des Tales hinauf. In d. Paß einge„

611 1804 3377 318 senkt ein Becken, dem wohl ein andres Wasser nach

588 1975 3308 321 W. entspringen mag. Durch eine „Abkürzung‟ geriet ich

638 2162 3259 298 auf eine falsche Straße nicht ahnend, daß hier zwei

628 2318 3197 292 derartige Werke bestanden. Kostbarer Blick auf

624 2432 3182 310 das Tal, in das ich steil u. tief hinunter

654 2591 3374 299 mußte, um jenseits wieder ganz hinauf zu kriechen,

648 2742 3284 336 eine kl. Extragabe f. meinen Fuß. Die Wände

657 2928 3158 356 glitzerten vom Glimmer, der vielfach angeschürft

655 3097 3384 343 war, als beständen die Berge aus  eitel Diamant.

816 3280 3072 328 In Tshenzema freundlichst empfangen, Jan. kam

617 3434 3422 289 ca 1 Std. später an. Hr. Schwarz noch nicht zurück, nur

603 3616 3315 256 Frau, Bruder u. Schwester anwesend. Letztere hätten

655 3752 3146 374 gut für seine Kinder gelten können. Blauäugig,

661 3925 3360 330 blondlockiges Geschlecht u. rings Spuren emsigster

658 4044 3346 394 Tätigkeit, Lebensfrische. Sehr geschmackvolles Haus, Gar„

611 4190 3100 379 dinen an d. geschlossenen Fenstern! Fühlte mich

623 4382 2895 304 unendlich heimisch. Frisches Quellwasser!!!

626 4579 2040 288 Glimmer Bearbeitung angesehen.

361 434 207 4342 Gegenüber der Mgeta-Mission, die mit ihrem schattigen Garten voll Kaffee, Cypressen u. s. w. eine Oase in d.

233 347 271 3867 Wüste geschaffen hat, Hornblende u. Granaten als Augen in hellem Gneiß. Auch Pegmatit?
