4324 5213
3784 200 197 150 35

371 283 3596 210 kaufen. Trefflicher Erfolg; unser Kerani empfängt d.

348 396 3733 281 ganzen Tag Träger m. Reis, Mehl, Mtama u. andern

336 667 727 225 Dingen.

617 707 3495 342 2. Juli. Post trifft endlich ein, aber noch keine Zeitun„

417 973 313 253 gen.

568 1069 1532 321 3. Juli. Poscho-Zahlung.

456 1272 3619 324 Sonntag d. 4. Juli: Vorm. m. Janensch über Kindope zum

454 1447 3488 276 Mbenkuru (ohne Aufenthalt 1¾ Std., angeblicher nächster Weg

434 1618 3395 316 zum Flusse.) In Kindope (mir bereits bekannt, aber jetzt nach

411 1739 3597 364 Ernte u. Abbrennen freier) hübsche Bilder. Affenbrotbäume,

422 1886 3724 370 Papageitauben, eine ausnahmsweise schöne Muëra-Familie

425 2081 3595 225 m. Kindern photographiert. Beim Abstieg in's Tal unge„

419 2245 3610 271 mein fossilreiche Schichten m. Ammoniten entdeckt. Der

407 2360 3560 325 Fluß sah aus wie ein kleiner, stiller Teich; das ist der

436 2496 3578 335 Beherrscher unseres Stromgebiets! In d. Bohnenfeldern un„

443 2621 3541 345 zählige große, schwarzrot, z. T. schwarzzelb gestreifte Käfer.

411 2829 2165 334 Ein interessanter u. schöner Marsch.

729 3003 1881 202 Nachm. Zeitungen erhalten.

378 3053 3180 261 5. Juli: Dr. Janensch findet ziemlich reichliche Ganoiden-Schuppen unweit des Lagers.

561 3140 3493 322 7. Juli. mit Boy Ali u. Führer auf d. Wege nach Mtapaia 1¾

367 3345 3633 256 Std. bis zu einem neu gemeldeten Knochenfundpunkt,

399 3488 3728 309 der sich bestätigt u. weitere gute Hoffnung bietet. Ngorombwe

399 3633 3587 391 gesehen, aber im Grase wieder verloren. Durch gestern

418 3833 3603 279 ausgebrannten Wald gekommen, wenig schön in der

396 3950 3553 385 schwarzen Asche des Grases u. d. weißen der Baum„

406 4148 3447 338 stämme, aber gute Durchsicht u. leichter Weg. Von den

371 4333 3614 335 schwelenden Hölzern steigt weißer Rauch auf u. er„

397 4474 3524 281 weckt Erinnerungen an Bilder von Fumarolen auf

358 4638 3424 357 schwarzer Lava. Zum Flusse Mtapa an d. Barrabarra; eigenartig
