4325 5213
3781 217 185 202 19

519 216 3300 322 Steiler Abstieg, anfangs vorbei an malerisch auf

511 431 3409 326 Vorsprüngen gelegenen Hütten, durch Felder, sehr hohes

501 556 3490 381 u. dichtes Gras u. Busch. Lager am Ubolelo am Fuße v.

535 822 1761 286 Namunda u. Namyura.

729 957 3175 375 Nachm. Zum Brunnen gegangen, der auch d. Leute auf d.

481 1220 3450 316 Plateau versorgen muß, ein nicht versiegendes aber nicht

473 1434 3390 274 fließendes Wasserloch unweit des Ubolelo, der selbst kein

475 1572 3450 196 Wasser mehr führt, aber im Bett einige Austrittsstellen zeigt,

481 1715 3480 215 in zwei Nebenbächen, die gleichfalls trocken liegen. Ich fand im

504 1918 3538 159 Bett anstehend dasselbe grobe Konglomerat wie am Maimbui

487 2003 3437 244 darüber einen harten, hellen Kalk od. Sandstein, darunter(?),

521 2105 3580 344 wenigstens in einzelnen Blöcken wieder den harten dunkel„

531 2330 3371 289 roten „Porphyr“) d. Konglomerat (Trigonien-Sch.?, ohne Fossil„

479 2586 3633 231 spuren) anscheinend Wasserhorizont oder doch Grundwasser haltend.

717 2695 3254 267 Beim Abstieg vom Namyura fiel mir wieder d. steilböschige,

462 2830 3514 231 konkretionäre Gestein auf, das an sich gelb u. fleckig ist, aber

465 2940 3150 362 anscheinend die roten Abstürze (der Makonde-Sch.) liefert.

583 3145 3383 262 Darunter einander folgend feine weißgelbliche Sandsteine,

2248 3295 1652 252 Konglomerat d. Trigonien-Sch.

2249 3436 1751 266 Feste rötliche „Sandsteine“ (laut. Auf„

654 3614 2152 278 zeichnung, vielleicht jenen „Porphyr?)

794 3824 3028 254 Boheti, der durchaus allein gehen wollte, brachte

594 3999 3373 235 mir Knochenstücke von der von ihm entdeckten Fund„

573 4203 2058 286 stelle, ein wichtiger Fingerzeig.

775 4322 3159 256 Die Zeitbegriffe d. Schwarzen sind, wie ich schon öfters

569 4547 3287 265 merkte, äußerst unzuverlässig. Von Verschiedenen
