4324 5213
300 186 168 178 28

365 187 3328 234 er, es wäre töricht von einem Menschen ein solches

378 341 3292 235 Versprechen zu geben. Die Antwort war jedenfalls

349 463 2840 255 verständiger als die schulmeisterliche Frage.

620 609 3347 245 Abd. m. Dr. J. zur Quelle, dann auf d. Tendaguru; tags„

379 833 3362 214 über wieder regendrohend. Beim Rückweg herrlicher

351 942 3609 256 Mondaufgang. Von d. heutigen Mondfinsternis nichts

348 1203 669 187 bemerkt.

514 1239 3209 328 5. MaJuni Dickens „Die Pickwickier“ begonnen. Posho-

441 1498 3517 290 Zahlung; Schach m. Dr. J. Abend Pombe-Fest u. Ngoma.

188 1687 3551 282 Sonnt. 6 MaiJuni Beim Erwachen, wie zuvor um 3 hörte ich noch

400 1812 3441 290 immer die Trommel u. d. eintönigen Negergesänge.

401 1970 3494 297 In d. Meinung, einige radaulustige Brüder störten den

402 2125 3345 250 Übrigen d. Schlaf, schickte ich hin u. befahl aufzuhören.

408 2289 3564 342 H Kein Erfolg, ein zweites Mal ebensowenig. Höre mit

431 2479 3549 343 Erstaunen, daß ein alter Aufseher dabei ist, zitiere ihn

417 2637 3425 323 an's Bett. Schließlich mußte ich lachen, als ich hörte,

388 2788 3412 333 daß sie in ihrem Taumel nichts gehört hätten, daß

407 2940 3600 347 alle „Würdenträger“ teilnahmen u. daß jeder Einzelne

368 3122 3635 330 erklärte „siwezi, siwezi“ (ich kann nicht mehr), daß aber

389 3319 3518 301 niemand ein Ende fände. Ich erlaubte nun weiter„

371 3474 3448 314 zu trommeln bis sie umfielen, falls morgen die

379 3634 3486 309 Arbeit nicht darunter litte. In der Tat dauerte es

387 3804 3517 276 noch bis 9. Ich machte einige Aufnahmen. Außer dem Trom„

376 3982 3319 323 mel- u. Tanzhaufen saß noch eine Gruppe, die lediglich

352 4109 3402 329 lange Bambusröhren mit Holzklöppeln schlugen, dazu

361 4272 3607 280 Tanzrasseln an Händen oder Füßen Einiger. Es verblüffte

346 4463 3237 267 mich unsere Honoratioren bei einem derartigen

326 4612 3684 268 12-stündigen Stumpfsinn zu erblicken u. unsern Koch, einen
