4324 5213
3642 97 173 196 53

351 273 3628 201 da ich sie nicht eher zu besitzen glaube, ehe sie wohl ver„

322 345 3574 322 packt liegen. Er schiebt es immer wieder hinaus. Soll

331 510 3620 277 eine neue Stelle in Angriff genommen werden, so

329 694 3628 333 muß er erst „überlegen“, was recht lange dauert u.

317 858 3649 319 d. Arbeiter müßig macht, u. doch ist es ziemlich gleich,

316 1032 3689 303 wo u. wie gegraben wird u. die Funde selbst geben

356 1178 3451 293 nachher doch eine andre Richtung. Eine Arbeit zu

344 1285 3584 436 Haus abzuschließen war ihm nicht möglich, es sollte

374 1530 3608 328 auf dem Dampfer, dann in Lindi geschehen u. sie

348 1663 3615 319 wurde bis hierher mitgeschleppt, immer fühlte er

355 1871 3438 355 sich nicht „in Stimmung.“ Das Unglaublichste darin

346 2003 3705 354 leistet er im Briefschreiben, ehe er dazu kommt, sei„

391 2187 3669 333 ne Vorbereitungen trifft u. die Kleinigkeit erledigt,

369 2333 3426 311 können Tage vergehen, nie kommen die Boten

351 2559 3674 235 morgens rechtzeitig fort. Wir hätten längst mit topo„

375 2684 3596 329 graph. u. geolog. Aufnahmen beginnen können u.

342 2808 3540 313 sollen - der Theodulit schlummert noch in Lindi

353 2954 3719 319 trotz mancher Anzapfung meinerseits. Er wollte nachts

353 3112 3745 373 eine Falle f. Insekten u. Schmetterlinge aufstellen,

351 3296 3642 274 ein hübscher Gedanke, seine schon ansehnliche Samm„

378 3416 3697 352 lung zu verfvollständigen; Neumond im Juni sollte

382 3605 3660 411 sie aufgestellt werden - er brütet noch heut über

456 3781 3542 412 Zeichnungen, Entwürfen, Anfängen, obwohl er meinen

440 3955 3431 381 ihm in 10 Min. aufgezeichneten Entwurf gleichfalls

449 4104 3453 426 brauchbar fand. Nach fast einem halben Jahr hat er

432 4341 3474 343 noch kaum etwas von der Umgebung gesehen u. ich

485 4471 3435 352 habe ihm meine beiden kleinen Ausflüge abrin„

437 4663 3389 353 gen müssen. Um nicht unbescheiden zu sein, muß ich
