4324 5213
348 218 197 196 36

495 239 3485 290 in einander verschlungene Bäume, d. Wurzeln d. einen, der

482 431 3547 241 wie eine Ulme d. Tiergartens aussah, hatten den andern

462 607 3473 214 am Wurzeln u. Unterstamm bis zu beträchtlicher Höhe

466 691 3341 270 in wirrem Netzwerk fest umklammert, um erst

502 871 3357 275 dort oben ihrerseits in den gleich kräftigen Stamm

470 1133 838 212 überzugehen.

762 1443 3114 329 9. Juli: Nachm. m. Dr. Janensch östl. d. Lagers in's Pori zu

557 1626 3283 295 einer neuen Wasserstelle (Oberlauf des Mtapa) hinab. Perl„

561 1761 3426 286 hühner, aber nicht zum Schuß gekommen. Auch hier wieder

574 1986 825 252 Knochenfunde.

651 2093 3174 277 10. Juli: Als ich von d. Arbeitsstelle im Norden zurück„

512 2261 3264 284 kehrte, fand ich eine größere Safari vor u. dachte zu„

511 2435 3281 339 nächst am Hauptmann Baumstark u. Gemahlin, da wir

497 2565 3346 382 sonst niemand wußten, der uns hier aufsuchen würde.

512 2728 3215 326 Dr. J. stellte mich Herrn u. Fr. v. Eckenbrecher u. Hrn.

484 2889 3438 306 von Poremsky vor, die eine Jagdreise durch den Süden

480 3047 3525 314 machen. Wir zeigten unsere zoolog. Garten, das Knochenmuseum

508 3235 3452 260 u. d. Fundstellen u. bewirteten sie zu Mittag. Man hatte

518 3372 3402 306 2 alte verfossilisierte Professoren erwartet; in Lindi scheint

519 3500 3378 314 also von uns nicht viel d. Rede zu sein. Gegen 3 zogen

481 3632 3434 360 sie, von uns ein Stück geleitet, weiter nach Nanundo.

778 3882 903 296 Poscho-Zahlung.

519 3992 3404 411 Sonntag d. 11. Juli: Heut waren wir Gäste der Eckenbr.'s

404 4233 3498 292 in Nanundo u. zogen schon um ½7 dorthin ab. Unter„

463 4436 3397 285 wegs Profil besichtigt, neue Fossilfunde u. tief unten

468 4524 3579 325 an d. Barrabarra wieder Saurierschichten m. Knochenresten

435 4727 3477 271 wohl nur durch Verwerfung in dieser Lage verständ„
