4324 5213
270 228 195 184 30

539 179 2145 316 Nachm. d. gestrige Schachpartie beendet.

454 506 311 176 14 Mai

624 455 232 115 Juni

840 341 3132 345 Morgens zur Arbeitsstelle trotz wenig gut vollbrachter Nacht

421 534 3511 363 u. Anzeichen von Durchfall, der sich denn auch bald in grade„

450 691 3395 408 zu tropenmäßiger Weise einstellte. Ich mußte zu Bett

444 869 3361 364 gehen u. hatte nachm. fast 40° Fieber, sowie Kopfschmerzen.

430 1035 3447 379 Sehr schlechte Nacht. Es fragte sich nun, ob das Ganze eine Erkäl„

440 1196 3424 335 tung vom Baden, oder Malaria m. Nebenerscheinungen oder

392 1358 3143 394 Dyssenterie m. Fieberbegleitung sei. Bedeckter Himmel.

720 1518 2212 221 Dr. Janensch kauft einen kl. niedlichen Affen.

561 1505 3187 415 15. Juni Etwas besser, kein Fieber, aber ganzen Tag zu

382 1665 3437 410 Bett gelegen. Zum Glück kam heut nachm. die Post u. d.

386 1845 3543 428 Zeitungen. Nachts üb. 9 Std. fest geschlafen. Zeitweise bedeckt.

490 2044 3539 377 16. Juni Mittags zeitweilig aufgestanden, doch noch schwach,

494 2180 3530 414 17 „ im Liegestuhl. Noch immer Durchfall, wenn auch gering.

2095 2353 1224 172 „ „ Ungenwißheit.

481 2513 2396 249 18. „ Spät aufgestanden, doch gutes Befinden.

491 2624 2309 318 19 „ Noch immer im Lager geblieben,

2484 2493 1410 186 nur kurzer Rundgang zum Graben

2755 2603 1073 232 Gemalt. Zu unsrer

435 2750 3387 362 Überraschung erfuhren wir, daß schon wieder Sonnabend und

421 2927 3574 355 also Zahltag sei. Früh zu Bett. Dickens zu Ende gelesen (Pickwickier)

527 3090 3382 317 Sonntag d. 20. Vorm. m. Dr. J. zur Quelle u. jenseits hinauf,

407 3260 3478 333 wo freier Blick auf Namyura erwartet; jedoch sehr hohes

403 3394 3422 434 Gras. Eine große Schlange angeschossen u. d. starke Blutspur

421 3583 3375 306 eine Weile verfolgt, doch vergeblich. Fühlte mich noch

403 3735 3250 341 ungewöhnlich angestrengt, wohl infolge der jetzigen

422 4025 979 205 Unterernährung.

640 4029 3325 283 Gabriele Reuter „Liselotte v. Reckling“ gelesen. Ungemein

426 4138 3564 391 schwierige Aufgabe im Ganzen glücklich gelöst. Sehr kompli„

413 4343 3598 265 zierte Charaktere in seltsamen Zeitströmungen u. ungün„

463 4518 3472 235 stigen Verhältnissen dargestellt. In d. Form vielleicht ver„

480 4672 930 286 besserungsfähig.
