4324 5213
363 191 199 184 34

430 240 3616 191 „nur davon gehört“. Leider hatten wir grade bereits 19 Mann

430 391 3552 256 neu eingestellt u. 15 weitere abgelehnt. Unsere Arbeit scheint

419 548 2306 202 in d. Tat ungeheuer populär zu sein.

593 654 3310 259 Viele Leute lassen ihr Geld bei uns auf der „Sparkasse“.

451 780 3469 231 So auch mein schlauer Sefu. Heut bringt er mir 7 Rps u.

450 929 3410 231 will zugleich 4 leihen. Ich schlage vor, er solle doch von

448 1131 3550 227 seinem Gelde nehmen. Nein, er wolle sparen u. durch„

456 1215 3421 250 aus d. Nötige auf Borg. Dagegen kann ich nicht an u.

443 1370 1645 265 wenn ich ein Gott wäre!

707 1458 3203 300 Wir bekommen 2 junge Rebhühner in unsere seltsam

477 1698 3357 246 gemischte Menagerie, wie hier üblich, in einem Käfig,

432 1786 3568 263 den die Tiere beim Wachsen sprengen müssen. Wir setzen

411 1921 3324 323 sie zu den Leopärdchen, sie nehmen von einander

437 2033 3519 301 keine Notiz, obwohl sie Kopf an Kopf sitzen. Nach wenigen

419 2193 3341 292 Minuten aber ist der eine Vogel gepackt. Die Chui's

461 2367 3453 340 haben eben erst Zähne bekommen u. noch kein Stück

468 2478 3237 354 Fleisch zu sehen bekommen. Dennoch kommt die

488 2644 3468 351 Raubtiernatur derartig ausgebildet zum Vorschein;

457 2800 3451 352 ich hätte das nie für möglich gehalten. Wir konnten

495 3050 1665 279 das Tierchen noch retten.

640 3177 3310 291 Abend. Schach u. Gespräch m. Dr. J. über meine mögli„

478 3339 3573 274 chen Zukunftsaussichten. Giebt mir d. sehr beachtenswerten

433 3516 3329 272 Rat andere Türen offen zu halten u. mich hier

449 3634 2588 386 geographisch u. ethnologisch zu betätigen.

662 3823 3077 323 1. Juli. Schon wieder ein neuer Monat! Ein

460 4001 3435 323 weiteres Säugerknöchelchen wird gefunden. Am Nord„

486 4127 3316 416 platze glaube ich einen größeren Unterkiefer (bruch„

477 4319 3014 391 stückweise u. unbekannte Form) zu entdecken.

662 4492 3191 281 Wir haben Briefe an alle Jumben der Umgegend

507 4671 3383 320 geschickt, um Essen f. d. Monate der Hungerszeit einzu„
