4324 5213
209 218 154 139 52

564 225 3306 297 Sprache immer noch wenig beherrscht, u. verurteilte zu

530 406 3232 291 Entlassung u. Prügel (eine Strafe, die mir zu Haus als

539 539 3511 300 verabscheuenswürdiger Sadismus vorkam, hier aber etwas

494 667 3325 322 Selbstverständliches, wenn auch unsrerseits nicht eben

476 828 3448 325 gern Angewandtes ist). Damit hatte ich meine Befug„

490 1045 3503 238 nisse überschritten u. Janensch unterließ auch verstän„

466 1155 3320 317 digerweise nicht, mir das vorzuhalten. Ich fürchte,

447 1322 3387 253 ich hätte es in ähnlicher Lage nicht fertig gebracht.

439 1452 3504 345 Da ich mein Unrecht ohne Weiteres einsah, stand ich

459 1687 3511 288 nicht an um Verzeihung zu bitten. Der Urteilsspruch

465 1819 3404 302 wäre auch J's Hand nicht anders ausgefallen

464 1973 3190 322 u. dadurch hatte ich mich verleiten lassen. Nur

498 2133 3394 308 sollte Dr. Janensch als oberster Richter, wenn auch

470 2301 3442 286 nicht d. Verhandlung selbst führen, so doch ihr mög„

443 2477 3430 324 lichst beiwohnen oder wenigstens nicht, wie heut,

450 2663 3567 271 mitten darin davongehen u. dadurch d. Anschein der

448 2879 3317 295 Interesselosigkeit hervorrufen, der vielleicht auch bei

415 3004 3548 271 meinem Verhalten mitsprach. Indessen ich habe ihm von

436 3180 3505 319 anfang an versprochen, seine Leiterschaft stets anzuer„

416 3317 3561 358 kennen u. halte das natürlich auch jetzt noch für das

441 3508 3538 370 Gegebene u. unserer Sache Dienlichste. Freilich werden

497 3708 3428 309 mir dadurch ein wenig die Hände gebunden u. mei„

433 3849 3405 330 ne Unternehmungslust gelähmt, auch da wo ich der

426 3975 3381 328 Expedition mehr leisten zu können glaube. Denn ich

440 4175 3504 291 bemerkte bald an Janensch eine auffallende Un„

434 4333 3528 341 fähigkeit in Entschlüssen. Wie oft lege ich ihm nahe die

446 4513 3507 358 Knochen im Graben abheben zu lassen u. zu signieren,
