4324 5214
3880 132 138 95 41

417 232 3622 179 der durch seinen Anblick erschreckten Affen. Ich schoß 4mal

387 347 3709 213 kurz nacheinander, ohne daß es wußte, von wo das

365 441 3483 341 kam u. wohin es sich wenden sollte denn auf d.

369 579 3616 299 andern Seite erfolgte, ein greuliches Gebrüll unserer

400 789 3573 320 Herren Vettern. Ich glaubte es verwundet zu haben

458 882 3536 329 u. eilte herbei, da trottete es ganz gemächlich ab.

385 1101 3631 251 Weitere Kugeln hatte ich nicht. Blutspuren waren nicht

411 1256 3487 366 zu sehen, ich hatte also 4mal gefehlt bei günstigsten

413 1444 3535 362 Umständen, um so beschämender als grade meine

411 1570 3627 405 Leute nachkamen. Dies geschah am Fuß einer zweiten,

399 1773 3537 337 im Wege deutlicher ausgeprägten Stufe, wo ich neulich

350 1878 3628 471 schon Fossilien fand u. die ich heut als aus

441 2084 3577 386 Trigonien-Schichten gebildet fand. Also wieder der

382 2310 3643 281 Verwerfungsteufel? Es folgten ferner ein wei„

384 2419 3708 388 ßer harter Sandstein, darüber ein gleich fester roter,

421 2611 3575 312 dann in buntem Wechsel bis Matapua Konglome„

399 2747 3433 327 rate, Sandsteine, ein unregelmäßig brechender Kalk,

361 2872 3549 395 feine weiße Seesande u. s. w. Nur ausnahmsweise

396 3039 3656 380 ein Fossil darin, also petrographisch ohne topogra„

432 3215 3692 398 phische Grundlage kaum etwas zu erreichen, zumal

420 3346 3706 328 bei d. ewigen Auf u. Ab des Weges oft an d. gegenüber„

426 3481 3562 361 liegenden Hängen Verschiedenes anstand u. ich so

401 3687 3380 281 kein Bild von d. relativen Folge zu gewinnen

388 3809 3694 335 vermochte. Einmal ging d. Weg eben auf einen

420 3965 3699 390 Plateaurücken, hier wildes Gewirr von Schlingpflanzen,

380 4171 3566 367 Wurzeln, Bäume, Lianen, überhaupt nicht mehr zu

389 4329 3558 355 unterscheiden, so daß mir Fließ' Ausführung über d.

349 4501 3534 396 1000-jährigen Rosenstock einfiel. Rechts u. vorn

380 4846 1043 98 zog sich d. lange

1366 4889 336 132 Doppel-

1472 4647 2299 309 Rücken des Likonde hin mit den
