4324 5214
3862 134 197 218 69

406 279 3619 188 daß es auch einmal ohne Verwerfungen geht. Nach den

398 340 3651 247 Bestimmungen betr. d. Trigonien-Schichten säßen wir

433 522 3597 249 dann im Neokom u. wir dürften in d. 3 Stufen von

372 690 3601 202 Saurierschichten verschiedene Formen vermuten u.

432 864 3375 223 evtl. Entwicklungen verfolgen. Schöner Blick in d.

447 1085 3660 215 Ebene bei Sonnenuntergang. Wieder viel Neigung

487 1187 2942 261 zu Regen, mittags 2mal Donner im Osten.

696 1386 3407 280 22. Sept: Noch immer mehrfache Regenfälle u. meist

501 1577 3208 203 bedeckter Himmel, letzteres äußerst angenehm.

483 1720 3511 181 Der zweite Judi ist heut nacht eingegangen, nachdem er schon einige

452 1853 2414 269 Tage ohne erkennbare Ursache nicht munter war.

661 2116 3339 271 23. Sept. Früh aufgestanden, um Knochenfund zu besichtigen,

500 2300 3438 195 da Führer verspätet, mit Ali u. einem Arbeiter zum Lilaj-

485 2401 3407 212 Flusse. Unterwegs Kanga's, während ich nachschleiche, dicht

509 2604 3456 220 vor mir ein Ngorombwe, dachte nicht daran, mit d. Flinte

507 2781 3447 190 zu versuchen, sondern winkte d. Büchse heran. Inzwischen

509 2856 3443 300 war es verschwunden. Gleichzeitig frische Barappi-Spuren.

547 3011 3343 308 Der Fluß od. vielmehr sein Bett fast ohne Wasser, daher

547 3188 3538 305 auch kein Wild gesehen, ebensowenig Spuren von Ntandala

535 3371 3452 226 u. Ndogolo u. sonstigem angeblichen Wildreichtum. Dagegen

561 3542 3457 300 ein Saurierknochen-Bruchstück. Ging auf Suche nach den

528 3714 3461 298 Perlhühnern zurück u. gelangte an eine Felskesselschlucht

536 3900 3407 300 von gewisser Großartigkeit, durch die ein Wasserriß un„

556 4084 3425 289 mittelbar bis in die Tiefe der Mbenkuru-Ebene ent„

571 4260 3493 258 wässerte; mit gewaltigen lianen-überhangenen Baum„

559 4418 3371 295 riesen, ein rechter Schlupfwinkel für Löwen. Hier auch

556 4632 3384 247 (oben) reichlich Wasser. D. Ngorombwe nochmals aufgescheucht
