4324 5213
334 233 259 194 106

550 312 3405 300 die Grabungen fast gänzlich eingestellt, damit wir

595 482 3228 328 mit dem Abheben u. Einpacken fertig werden

548 768 640 181 können.

652 826 3344 284 Abends beim Zubettgehen Kopfschmerz u. Fieber,

625 1020 3346 341 wenn auch sehr schwach (37,7°). Ich schlief über dem

594 1229 3228 268 Messen ein u. konnte d. Zahl mit Bewußtsein

661 1418 1960 272 erst am andern Tage messen

2109 1363 540 152 ablesen

2578 1331 1340 291 , als bereits alles

664 1628 907 210 vorüber war.

881 1724 2668 357 10 u. 11. nicht allzuviel herumgelaufen.

729 1875 3092 370 Sonntag d. 12. Dez. Vorm. Lutamba-See nach

622 2173 3299 352 Bleistiftskizze u. Erinnerung in Öl gemalt; ein

662 2286 3307 401 ganz hübsches, buntes Bild, aber nicht der Lutamba-

645 2607 336 223 See.

875 2709 2982 291 Regen u. damit für dies Jahr Beginn der

638 2881 3129 315 Regenzeit. Wetterleuchten. Nachm. Raabe gelesen.

926 3058 2905 278 13. Dez: Vorm. in d. Schamben einen schönen

697 3202 3015 358 großen, weißen Adler mit starken Fängen

691 3469 580 269 geschossen.

935 3561 2973 320 Gegen ½12 Ankunft des erwarteten Dr. Wolff

678 3731 3048 284 aus Lindi, der auf ärztlicher Inspektionsreise

679 3861 3123 340 hier Besuch abstattet. Zeigten ihm unsern bis„

606 4025 3077 349 her größten Knochen (Humerus 2,10 m.) im

610 4221 3100 307 Kitukituki-Bache; alles andre ist fast schon

658 4449 674 205 unsichtbar.

931 4574 3071 319 Nach Tisch Wilh. Raabes „Eulenpfingsten“ ausgelesen,
