4324 5213
380 225 103 170 6

385 218 3588 327 Dampfer der Linie in den durch eine Barra (6 Faden

442 378 3449 253 Tiefe bei Flut) abgetrennten Innenhafen oder Kriek, der

403 552 3486 246 von der eigentlichen kreisförmigen Bucht als schiefer

411 621 3288 256 langer Sporn unvermittelt abzweigt. Malerische

418 749 3580 312 Ufer. Abds. Spaziergang bei Vollmond unter den Palmen

434 939 836 230 an der Bucht.

530 1013 3042 297 7.IV. Früh um 5 an Land bei Abfahrt des Dampfers. Mit

372 1162 3555 263 Dr. Janensch 4 leere Zimmer in d. Boma (Festung) erhalten, Herr

424 1308 3467 311 Sattler beim Vice-Bezirksamtmann. Essen u. Aufenthalt im Usagara-

403 1477 3321 328 Haus (D. O. A. G) Fremde Vogelwelt. In d. Palmen viel

433 1582 3434 353 gelbe, ähnlich Kanarienvögeln m. Webernestern. Schwalben

437 1759 3432 285 d. europäischen sehr ähnlich, gleiches Rot statt an d. Kehle auf

456 1857 3516 280 dem Kopf, außerdem d. Mehlschwalbe(?)  und Segler

432 2045 3411 256 kleiner als heimische, ebenfalls z oft zu dreien fliegend.

574 2151 3405 287 Löwengefahr größer als zu Haus bekannt. Vor kurzem

421 2286 3365 324 in d. Nähe 12 Leute geschlagen, sogar auf d. Markt in

402 2395 3576 370 Lindi gekommen. Klima wenigstens augenblicklich offen„

431 2581 3487 324 bar ungesund. Viele Erzählungen von Krankheiten (Malaria

416 2769 3379 329 u. Schwarzwasserfieber) u. Todesfällen. Menschen machen

432 2859 3570 406 freundlichen Eindruck im Gegensatz zu d. bisherigen Hafen„

448 3073 3455 327 gesindel, große Achtung u. Ehrerbietung wenigstens äußerlich

420 3210 3359 339 gegen jeden Weißen, heiter u. sehr bedürfnislos. Viel

419 3340 3495 335 Kettengefangene. Auffallend d. fast stets nach außen vor„

456 3504 3372 326 gestülpte Nabelknopf, besonders bei Kindern. Zwischen

435 3692 2364 307 2 und 5 meist starke Regengüsse (nachm.)

507 3863 3522 310 8.IV. Nachm. Probeweis Aufschlagen der Zelte im Hofe der

391 3989 3621 295 Boma. Etwa 60 Träger schon seit Ende Febr März bereit.

480 4156 3459 297 9.IV. Nachm. Ausflug m. Dr. Janensch auf Höhe hinter d.

379 4345 3653 323 Stadt gegen Kitulo. Blick auf d. Bucht, etwas Seebrise. Zweier„

367 4545 1947 259 bei Nummulitengestein, eins rötlich.

555 4646 3409 264 40 Träger gehen mit Lasten voraus, um am Tendaguru vor„
