<?xml version="1.0" encoding="UTF-8"?>
<alto xmlns:xsi="http://www.w3.org/2001/XMLSchema-instance"
      xmlns="http://www.loc.gov/standards/alto/ns-v2#"
      xmlns:page="http://schema.primaresearch.org/PAGE/gts/pagecontent/2013-07-15"
      xsi:schemaLocation="http://www.loc.gov/standards/alto/ns-v2# http://www.loc.gov/standards/alto/alto.xsd">
   <Description>
      <MeasurementUnit>pixel</MeasurementUnit>
      <OCRProcessing ID="IdOcr">
         <ocrProcessingStep>
            <processingDateTime>2021-02-02T09:46:00.214+01:00</processingDateTime>
            <processingSoftware>
               <softwareCreator>READ COOP</softwareCreator>
               <softwareName>Transkribus</softwareName>
            </processingSoftware>
         </ocrProcessingStep>
      </OCRProcessing>
   </Description>
   <Layout>
      <Page ID="Page1" PHYSICAL_IMG_NR="1" HEIGHT="5213" WIDTH="4324">
         <TopMargin HEIGHT="0" WIDTH="4324" VPOS="0" HPOS="0"/>
         <LeftMargin HEIGHT="5213" WIDTH="0" VPOS="0" HPOS="0"/>
         <RightMargin HEIGHT="5213" WIDTH="0" VPOS="0" HPOS="4324"/>
         <BottomMargin HEIGHT="0" WIDTH="4324" VPOS="5213" HPOS="0"/>
         <PrintSpace HEIGHT="5213" WIDTH="4324" VPOS="0" HPOS="0">
            <TextBlock ID="r7" HEIGHT="4550" WIDTH="3710" VPOS="234" HPOS="370">
               <Shape>
                  <Polygon POINTS="370,234 370,4784 4080,4784 4080,234"/>
               </Shape>
               <TextLine ID="r7l1"
                         BASELINE="380"
                         HEIGHT="178"
                         WIDTH="161"
                         VPOS="202"
                         HPOS="3751">
                  <String ID="string_r7l1"
                          HEIGHT="178"
                          WIDTH="161"
                          VPOS="202"
                          HPOS="3751"
                          CONTENT="89"/>
               </TextLine>
               <TextLine ID="r7l2"
                         BASELINE="512"
                         HEIGHT="286"
                         WIDTH="3398"
                         VPOS="226"
                         HPOS="369">
                  <String ID="string_r7l2"
                          HEIGHT="286"
                          WIDTH="3398"
                          VPOS="226"
                          HPOS="369"
                          CONTENT="Ein herrlicher Abend. Noch lange unter'm Sternenschein"/>
               </TextLine>
               <TextLine ID="r7l3"
                         BASELINE="632"
                         HEIGHT="238"
                         WIDTH="3645"
                         VPOS="394"
                         HPOS="346">
                  <String ID="string_r7l3"
                          HEIGHT="238"
                          WIDTH="3645"
                          VPOS="394"
                          HPOS="346"
                          CONTENT="gesessen. Zu aller Freude kam auch noch die längst fällige"/>
               </TextLine>
               <TextLine ID="r7l4"
                         BASELINE="860"
                         HEIGHT="278"
                         WIDTH="3277"
                         VPOS="582"
                         HPOS="361">
                  <String ID="string_r7l4"
                          HEIGHT="278"
                          WIDTH="3277"
                          VPOS="582"
                          HPOS="361"
                          CONTENT="Post. Nachricht vom Erscheinen meiner Erdbeben-Arbeit."/>
               </TextLine>
               <TextLine ID="r7l5"
                         BASELINE="1016"
                         HEIGHT="299"
                         WIDTH="3429"
                         VPOS="717"
                         HPOS="576">
                  <String ID="string_r7l5"
                          HEIGHT="299"
                          WIDTH="3429"
                          VPOS="717"
                          HPOS="576"
                          CONTENT="12. Nov. Morgens in d. Schamben ein Warzenschwein"/>
               </TextLine>
               <TextLine ID="r7l6"
                         BASELINE="1227"
                         HEIGHT="315"
                         WIDTH="3609"
                         VPOS="912"
                         HPOS="438">
                  <String ID="string_r7l6"
                          HEIGHT="315"
                          WIDTH="3609"
                          VPOS="912"
                          HPOS="438"
                          CONTENT="geschossen. Alle Gräben besucht, was nach Wiedereinstellung"/>
               </TextLine>
               <TextLine ID="r7l7"
                         BASELINE="1357"
                         HEIGHT="270"
                         WIDTH="3011"
                         VPOS="1087"
                         HPOS="436">
                  <String ID="string_r7l7"
                          HEIGHT="270"
                          WIDTH="3011"
                          VPOS="1087"
                          HPOS="436"
                          CONTENT="der Wangoni eine gute Marschleistung bedeutet."/>
               </TextLine>
               <TextLine ID="r7l8"
                         BASELINE="1555"
                         HEIGHT="298"
                         WIDTH="3371"
                         VPOS="1257"
                         HPOS="629">
                  <String ID="string_r7l8"
                          HEIGHT="298"
                          WIDTH="3371"
                          VPOS="1257"
                          HPOS="629"
                          CONTENT="Abend Janensch einen Knochenfund in d. II Stufe am"/>
               </TextLine>
               <TextLine ID="r7l9"
                         BASELINE="1698"
                         HEIGHT="262"
                         WIDTH="1477"
                         VPOS="1436"
                         HPOS="460">
                  <String ID="string_r7l9"
                          HEIGHT="262"
                          WIDTH="1477"
                          VPOS="1436"
                          HPOS="460"
                          CONTENT="Plateaurand gezeigt."/>
               </TextLine>
               <TextLine ID="r7l10"
                         BASELINE="1810"
                         HEIGHT="239"
                         WIDTH="3253"
                         VPOS="1571"
                         HPOS="606">
                  <String ID="string_r7l10"
                          HEIGHT="239"
                          WIDTH="3253"
                          VPOS="1571"
                          HPOS="606"
                          CONTENT="13. Nov. Die gestern besichtigten Knochen mit der"/>
               </TextLine>
               <TextLine ID="r7l11"
                         BASELINE="2040"
                         HEIGHT="275"
                         WIDTH="3502"
                         VPOS="1765"
                         HPOS="440">
                  <String ID="string_r7l11"
                          HEIGHT="275"
                          WIDTH="3502"
                          VPOS="1765"
                          HPOS="440"
                          CONTENT="Abteilung des Wangoni-Aufsehers „Tendaguru“ begonnen,"/>
               </TextLine>
               <TextLine ID="r7l12"
                         BASELINE="2210"
                         HEIGHT="266"
                         WIDTH="1928"
                         VPOS="1944"
                         HPOS="422">
                  <String ID="string_r7l12"
                          HEIGHT="266"
                          WIDTH="1928"
                          VPOS="1944"
                          HPOS="422"
                          CONTENT="da Skelett L abgebaut erscheint."/>
               </TextLine>
               <TextLine ID="r7l13"
                         BASELINE="2305"
                         HEIGHT="224"
                         WIDTH="3133"
                         VPOS="2081"
                         HPOS="658">
                  <String ID="string_r7l13"
                          HEIGHT="224"
                          WIDTH="3133"
                          VPOS="2081"
                          HPOS="658"
                          CONTENT="Im Graben II findet sich d. ersehnte Theropoden-Femur."/>
               </TextLine>
               <TextLine ID="r7l14"
                         BASELINE="2474"
                         HEIGHT="194"
                         WIDTH="3362"
                         VPOS="2280"
                         HPOS="561">
                  <String ID="string_r7l14"
                          HEIGHT="194"
                          WIDTH="3362"
                          VPOS="2280"
                          HPOS="561"
                          CONTENT="Wollte Nachm. wieder auf 2 Nächten nach Mtapaia ziehen,"/>
               </TextLine>
               <TextLine ID="r7l15"
                         BASELINE="2678"
                         HEIGHT="279"
                         WIDTH="3263"
                         VPOS="2399"
                         HPOS="499">
                  <String ID="string_r7l15"
                          HEIGHT="279"
                          WIDTH="3263"
                          VPOS="2399"
                          HPOS="499"
                          CONTENT="finde aber am Skelett P viel Arbeit beim Ausheben der"/>
               </TextLine>
               <TextLine ID="r7l16"
                         BASELINE="2807"
                         HEIGHT="273"
                         WIDTH="3325"
                         VPOS="2534"
                         HPOS="498">
                  <String ID="string_r7l16"
                          HEIGHT="273"
                          WIDTH="3325"
                          VPOS="2534"
                          HPOS="498"
                          CONTENT="Füße u. will Montag früh gleich wieder daran gehen."/>
               </TextLine>
               <TextLine ID="r7l17"
                         BASELINE="3051"
                         HEIGHT="332"
                         WIDTH="923"
                         VPOS="2719"
                         HPOS="724">
                  <String ID="string_r7l17"
                          HEIGHT="332"
                          WIDTH="923"
                          VPOS="2719"
                          HPOS="724"
                          CONTENT="Poscho-Zahlung."/>
               </TextLine>
               <TextLine ID="line_1582890860098_2924"
                         BASELINE="3268"
                         HEIGHT="248"
                         WIDTH="3263"
                         VPOS="3020"
                         HPOS="563">
                  <String ID="string_line_1582890860098_2924"
                          HEIGHT="248"
                          WIDTH="3263"
                          VPOS="3020"
                          HPOS="563"
                          CONTENT="Sonntag d. 14. Nov. Morgens 4h aufgestanden, auf Jagd"/>
               </TextLine>
               <TextLine ID="r7l20"
                         BASELINE="3459"
                         HEIGHT="205"
                         WIDTH="3433"
                         VPOS="3254"
                         HPOS="472">
                  <String ID="string_r7l20"
                          HEIGHT="205"
                          WIDTH="3433"
                          VPOS="3254"
                          HPOS="472"
                          CONTENT="zum Maimbwi. Wir fanden schon nach 1½ Std. zahlreiche"/>
               </TextLine>
               <TextLine ID="r7l21"
                         BASELINE="3616"
                         HEIGHT="285"
                         WIDTH="3478"
                         VPOS="3331"
                         HPOS="452">
                  <String ID="string_r7l21"
                          HEIGHT="285"
                          WIDTH="3478"
                          VPOS="3331"
                          HPOS="452"
                          CONTENT="frische Barappi-Spuren u. glaubten ihnen oft auf den"/>
               </TextLine>
               <TextLine ID="r7l22"
                         BASELINE="3794"
                         HEIGHT="264"
                         WIDTH="3484"
                         VPOS="3530"
                         HPOS="446">
                  <String ID="string_r7l22"
                          HEIGHT="264"
                          WIDTH="3484"
                          VPOS="3530"
                          HPOS="446"
                          CONTENT="Fersen zu sein, aber absolut nichts zu hören u. zu sehen,"/>
               </TextLine>
               <TextLine ID="r7l23"
                         BASELINE="3959"
                         HEIGHT="239"
                         WIDTH="3535"
                         VPOS="3720"
                         HPOS="445">
                  <String ID="string_r7l23"
                          HEIGHT="239"
                          WIDTH="3535"
                          VPOS="3720"
                          HPOS="445"
                          CONTENT="auch auffallenderweise kein andres Wild außer Schwein"/>
               </TextLine>
               <TextLine ID="r7l24"
                         BASELINE="4168"
                         HEIGHT="308"
                         WIDTH="3559"
                         VPOS="3860"
                         HPOS="443">
                  <String ID="string_r7l24"
                          HEIGHT="308"
                          WIDTH="3559"
                          VPOS="3860"
                          HPOS="443"
                          CONTENT="u. Warzenschwein, die ich, wie ich fürchte, angeschossen habe."/>
               </TextLine>
               <TextLine ID="r7l25"
                         BASELINE="4251"
                         HEIGHT="220"
                         WIDTH="950"
                         VPOS="4031"
                         HPOS="2515">
                  <String ID="string_r7l25"
                          HEIGHT="220"
                          WIDTH="950"
                          VPOS="4031"
                          HPOS="2515"
                          CONTENT="6 Std. unterwegs"/>
               </TextLine>
               <TextLine ID="r7l26"
                         BASELINE="4333"
                         HEIGHT="247"
                         WIDTH="1584"
                         VPOS="4086"
                         HPOS="586">
                  <String ID="string_r7l26"
                          HEIGHT="247"
                          WIDTH="1584"
                          VPOS="4086"
                          HPOS="586"
                          CONTENT="Mittags Schattentemperatur 33°."/>
               </TextLine>
               <TextLine ID="r7l27"
                         BASELINE="4502"
                         HEIGHT="234"
                         WIDTH="3319"
                         VPOS="4268"
                         HPOS="784">
                  <String ID="string_r7l27"
                          HEIGHT="234"
                          WIDTH="3319"
                          VPOS="4268"
                          HPOS="784"
                          CONTENT="15 Nov. Bei einem Abendgang durch d. Schamben ein Puduka"/>
               </TextLine>
               <TextLine ID="r7l28"
                         BASELINE="4658"
                         HEIGHT="271"
                         WIDTH="3615"
                         VPOS="4387"
                         HPOS="485">
                  <String ID="string_r7l28"
                          HEIGHT="271"
                          WIDTH="3615"
                          VPOS="4387"
                          HPOS="485"
                          CONTENT="gesehen, aber die Büchse versagt, wie mehrmals in diesen Tagen; ich bin"/>
               </TextLine>
               <TextLine ID="r7l29"
                         BASELINE="4807"
                         HEIGHT="265"
                         WIDTH="3150"
                         VPOS="4542"
                         HPOS="472">
                  <String ID="string_r7l29"
                          HEIGHT="265"
                          WIDTH="3150"
                          VPOS="4542"
                          HPOS="472"
                          CONTENT="dadurch wohl schon 4 oder 5 Mal um Jagdbeute gekommen."/>
               </TextLine>
            </TextBlock>
         </PrintSpace>
      </Page>
   </Layout>
</alto>
