<?xml version="1.0" encoding="UTF-8"?>
<alto xmlns:xsi="http://www.w3.org/2001/XMLSchema-instance"
      xmlns="http://www.loc.gov/standards/alto/ns-v2#"
      xmlns:page="http://schema.primaresearch.org/PAGE/gts/pagecontent/2013-07-15"
      xsi:schemaLocation="http://www.loc.gov/standards/alto/ns-v2# http://www.loc.gov/standards/alto/alto.xsd">
   <Description>
      <MeasurementUnit>pixel</MeasurementUnit>
      <OCRProcessing ID="IdOcr">
         <ocrProcessingStep>
            <processingDateTime>2021-02-02T09:45:52.766+01:00</processingDateTime>
            <processingSoftware>
               <softwareCreator>READ COOP</softwareCreator>
               <softwareName>Transkribus</softwareName>
            </processingSoftware>
         </ocrProcessingStep>
      </OCRProcessing>
   </Description>
   <Layout>
      <Page ID="Page1" PHYSICAL_IMG_NR="1" HEIGHT="5213" WIDTH="4324">
         <TopMargin HEIGHT="0" WIDTH="4324" VPOS="0" HPOS="0"/>
         <LeftMargin HEIGHT="5213" WIDTH="0" VPOS="0" HPOS="0"/>
         <RightMargin HEIGHT="5213" WIDTH="0" VPOS="0" HPOS="4324"/>
         <BottomMargin HEIGHT="0" WIDTH="4324" VPOS="5213" HPOS="0"/>
         <PrintSpace HEIGHT="5213" WIDTH="4324" VPOS="0" HPOS="0">
            <TextBlock ID="r3" HEIGHT="4743" WIDTH="3715" VPOS="200" HPOS="408">
               <Shape>
                  <Polygon POINTS="408,200 408,4943 4123,4943 4123,200"/>
               </Shape>
               <TextLine ID="r3l1"
                         BASELINE="300"
                         HEIGHT="122"
                         WIDTH="137"
                         VPOS="178"
                         HPOS="3803">
                  <String ID="string_r3l1"
                          HEIGHT="122"
                          WIDTH="137"
                          VPOS="178"
                          HPOS="3803"
                          CONTENT="67"/>
               </TextLine>
               <TextLine ID="r3l2"
                         BASELINE="477"
                         HEIGHT="247"
                         WIDTH="3610"
                         VPOS="230"
                         HPOS="485">
                  <String ID="string_r3l2"
                          HEIGHT="247"
                          WIDTH="3610"
                          VPOS="230"
                          HPOS="485"
                          CONTENT="16. Sept. Fundort b. Mtapaia besichtigt, am dortigen Wasser aquarelliert,"/>
               </TextLine>
               <TextLine ID="r3l3"
                         BASELINE="635"
                         HEIGHT="163"
                         WIDTH="3696"
                         VPOS="472"
                         HPOS="427">
                  <String ID="string_r3l3"
                          HEIGHT="163"
                          WIDTH="3696"
                          VPOS="472"
                          HPOS="427"
                          CONTENT="eine reine Freude ist's freilich nicht in Sonnenglut u. -glanz u."/>
               </TextLine>
               <TextLine ID="r3l4"
                         BASELINE="754"
                         HEIGHT="225"
                         WIDTH="3692"
                         VPOS="529"
                         HPOS="425">
                  <String ID="string_r3l4"
                          HEIGHT="225"
                          WIDTH="3692"
                          VPOS="529"
                          HPOS="425"
                          CONTENT="in der Nachbarschaft von Stechfliegen. Fühle mich aber wieder"/>
               </TextLine>
               <TextLine ID="line_1582889090360_2386"
                         BASELINE="963"
                         HEIGHT="292"
                         WIDTH="3565"
                         VPOS="671"
                         HPOS="467">
                  <String ID="string_line_1582889090360_2386"
                          HEIGHT="292"
                          WIDTH="3565"
                          VPOS="671"
                          HPOS="467"
                          CONTENT="ganz bei Kräften. Nahe Graben VIII kommt allmählich ebenfalls"/>
               </TextLine>
               <TextLine ID="r3l7"
                         BASELINE="1083"
                         HEIGHT="271"
                         WIDTH="3668"
                         VPOS="812"
                         HPOS="451">
                  <String ID="string_r3l7"
                          HEIGHT="271"
                          WIDTH="3668"
                          VPOS="812"
                          HPOS="451"
                          CONTENT="ein großes Skelett zum Vorschein; heut riesige Scapula (ca. 2 m) u. Hume-"/>
               </TextLine>
               <TextLine ID="r3l8"
                         BASELINE="1229"
                         HEIGHT="179"
                         WIDTH="215"
                         VPOS="1050"
                         HPOS="462">
                  <String ID="string_r3l8"
                          HEIGHT="179"
                          WIDTH="215"
                          VPOS="1050"
                          HPOS="462"
                          CONTENT="rus."/>
               </TextLine>
               <TextLine ID="r3l9"
                         BASELINE="1359"
                         HEIGHT="315"
                         WIDTH="3526"
                         VPOS="1044"
                         HPOS="498">
                  <String ID="string_r3l9"
                          HEIGHT="315"
                          WIDTH="3526"
                          VPOS="1044"
                          HPOS="498"
                          CONTENT="17. Sept. Dr. Janensch geht energisch an's Abheben u. Verpacken u. ich"/>
               </TextLine>
               <TextLine ID="r3l10"
                         BASELINE="1562"
                         HEIGHT="362"
                         WIDTH="3442"
                         VPOS="1200"
                         HPOS="463">
                  <String ID="string_r3l10"
                          HEIGHT="362"
                          WIDTH="3442"
                          VPOS="1200"
                          HPOS="463"
                          CONTENT="gestehe gern zu, daß er es recht zweckmäßig macht. Nun ist zu"/>
               </TextLine>
               <TextLine ID="r3l11"
                         BASELINE="1684"
                         HEIGHT="347"
                         WIDTH="2957"
                         VPOS="1337"
                         HPOS="449">
                  <String ID="string_r3l11"
                          HEIGHT="347"
                          WIDTH="2957"
                          VPOS="1337"
                          HPOS="449"
                          CONTENT="hoffen, daß auch alle Funde zu retten sein werden."/>
               </TextLine>
               <TextLine ID="line_1582889099185_2391"
                         BASELINE="1787"
                         HEIGHT="299"
                         WIDTH="3246"
                         VPOS="1488"
                         HPOS="604">
                  <String ID="string_line_1582889099185_2391"
                          HEIGHT="299"
                          WIDTH="3246"
                          VPOS="1488"
                          HPOS="604"
                          CONTENT="Mit Ali in d. alten Schamben gegangen, 2 Perlhühner auf"/>
               </TextLine>
               <TextLine ID="r3l14"
                         BASELINE="1958"
                         HEIGHT="239"
                         WIDTH="1086"
                         VPOS="1719"
                         HPOS="451">
                  <String ID="string_r3l14"
                          HEIGHT="239"
                          WIDTH="1086"
                          VPOS="1719"
                          HPOS="451"
                          CONTENT="einen Schuß erlegt."/>
               </TextLine>
               <TextLine ID="r3l15"
                         BASELINE="2073"
                         HEIGHT="274"
                         WIDTH="2112"
                         VPOS="1799"
                         HPOS="627">
                  <String ID="string_r3l15"
                          HEIGHT="274"
                          WIDTH="2112"
                          VPOS="1799"
                          HPOS="627"
                          CONTENT="Abds. m. Janensch auf d. Tendaguru."/>
               </TextLine>
               <TextLine ID="r3l16"
                         BASELINE="2237"
                         HEIGHT="306"
                         WIDTH="3608"
                         VPOS="1931"
                         HPOS="537">
                  <String ID="string_r3l16"
                          HEIGHT="306"
                          WIDTH="3608"
                          VPOS="1931"
                          HPOS="537"
                          CONTENT="18. Sept. Wieder nach Mtapaia, diesmal zu beiden Seiten der"/>
               </TextLine>
               <TextLine ID="r3l17"
                         BASELINE="2369"
                         HEIGHT="219"
                         WIDTH="3675"
                         VPOS="2150"
                         HPOS="382">
                  <String ID="string_r3l17"
                          HEIGHT="219"
                          WIDTH="3675"
                          VPOS="2150"
                          HPOS="382"
                          CONTENT="Wege, jedoch nichts von Knochen gefunden. Dagegen liegt in"/>
               </TextLine>
               <TextLine ID="r3l18"
                         BASELINE="2514"
                         HEIGHT="215"
                         WIDTH="3606"
                         VPOS="2299"
                         HPOS="402">
                  <String ID="string_r3l18"
                          HEIGHT="215"
                          WIDTH="3606"
                          VPOS="2299"
                          HPOS="402"
                          CONTENT="der Nähe d. Arbeitsplatzes noch recht viel. Das große Femur"/>
               </TextLine>
               <TextLine ID="r3l19"
                         BASELINE="2693"
                         HEIGHT="259"
                         WIDTH="3520"
                         VPOS="2434"
                         HPOS="408">
                  <String ID="string_r3l19"
                          HEIGHT="259"
                          WIDTH="3520"
                          VPOS="2434"
                          HPOS="408"
                          CONTENT="in Graben II endlich freigelegt, Länge nur 1,70, wir hatten's"/>
               </TextLine>
               <TextLine ID="r3l20"
                         BASELINE="2862"
                         HEIGHT="240"
                         WIDTH="1626"
                         VPOS="2622"
                         HPOS="435">
                  <String ID="string_r3l20"
                          HEIGHT="240"
                          WIDTH="1626"
                          VPOS="2622"
                          HPOS="435"
                          CONTENT="auf mindestens 2 m. geschätzt."/>
               </TextLine>
               <TextLine ID="r3l21"
                         BASELINE="2994"
                         HEIGHT="263"
                         WIDTH="1059"
                         VPOS="2731"
                         HPOS="759">
                  <String ID="string_r3l21"
                          HEIGHT="263"
                          WIDTH="1059"
                          VPOS="2731"
                          HPOS="759"
                          CONTENT="Nachm. Poscho-Zahlung."/>
               </TextLine>
               <TextLine ID="r3l22"
                         BASELINE="3145"
                         HEIGHT="319"
                         WIDTH="3374"
                         VPOS="2826"
                         HPOS="645">
                  <String ID="string_r3l22"
                          HEIGHT="319"
                          WIDTH="3374"
                          VPOS="2826"
                          HPOS="645"
                          CONTENT="Südlich des Lagers in einen bisher nicht betretenen Teil"/>
               </TextLine>
               <TextLine ID="r3l23"
                         BASELINE="3279"
                         HEIGHT="279"
                         WIDTH="3434"
                         VPOS="3000"
                         HPOS="516">
                  <String ID="string_r3l23"
                          HEIGHT="279"
                          WIDTH="3434"
                          VPOS="3000"
                          HPOS="516"
                          CONTENT="des Waldes bis zum Plateaurande vorgedrungen. Fand hier,"/>
               </TextLine>
               <TextLine ID="r3l24"
                         BASELINE="3446"
                         HEIGHT="299"
                         WIDTH="3387"
                         VPOS="3147"
                         HPOS="521">
                  <String ID="string_r3l24"
                          HEIGHT="299"
                          WIDTH="3387"
                          VPOS="3147"
                          HPOS="521"
                          CONTENT="wie Dr. Janensch neulich an andrer entsprechender Stelle,"/>
               </TextLine>
               <TextLine ID="r3l25"
                         BASELINE="3611"
                         HEIGHT="294"
                         WIDTH="3404"
                         VPOS="3317"
                         HPOS="498">
                  <String ID="string_r3l25"
                          HEIGHT="294"
                          WIDTH="3404"
                          VPOS="3317"
                          HPOS="498"
                          CONTENT="Oolith, hier unterlagert vom Trigonien-Konglomerat,"/>
               </TextLine>
               <TextLine ID="r3l26"
                         BASELINE="3755"
                         HEIGHT="247"
                         WIDTH="3340"
                         VPOS="3508"
                         HPOS="516">
                  <String ID="string_r3l26"
                          HEIGHT="247"
                          WIDTH="3340"
                          VPOS="3508"
                          HPOS="516"
                          CONTENT="in dem auch einige Austern mit prächtig gezacktem"/>
               </TextLine>
               <TextLine ID="line_1582889109704_2396"
                         BASELINE="3936"
                         HEIGHT="291"
                         WIDTH="1779"
                         VPOS="3645"
                         HPOS="558">
                  <String ID="string_line_1582889109704_2396"
                          HEIGHT="291"
                          WIDTH="1779"
                          VPOS="3645"
                          HPOS="558"
                          CONTENT="Rande saßen. Kein Wild."/>
               </TextLine>
               <TextLine ID="r3l29"
                         BASELINE="4085"
                         HEIGHT="279"
                         WIDTH="1262"
                         VPOS="3806"
                         HPOS="738">
                  <String ID="string_r3l29"
                          HEIGHT="279"
                          WIDTH="1262"
                          VPOS="3806"
                          HPOS="738"
                          CONTENT="Abds. Post beendigt."/>
               </TextLine>
               <TextLine ID="r3l30"
                         BASELINE="4224"
                         HEIGHT="274"
                         WIDTH="3488"
                         VPOS="3950"
                         HPOS="490">
                  <String ID="string_r3l30"
                          HEIGHT="274"
                          WIDTH="3488"
                          VPOS="3950"
                          HPOS="490"
                          CONTENT="Sonntag d. 19. Sept.: Um 4 aufgestanden, um am Lilaj-Flusse"/>
               </TextLine>
               <TextLine ID="r3l31"
                         BASELINE="4381"
                         HEIGHT="250"
                         WIDTH="3401"
                         VPOS="4131"
                         HPOS="499">
                  <String ID="string_r3l31"
                          HEIGHT="250"
                          WIDTH="3401"
                          VPOS="4131"
                          HPOS="499"
                          CONTENT="oberhalb Kindope Barrappi zu jagen, aber da ohne Führer,"/>
               </TextLine>
               <TextLine ID="r3l32"
                         BASELINE="4489"
                         HEIGHT="161"
                         WIDTH="3614"
                         VPOS="4328"
                         HPOS="483">
                  <String ID="string_r3l32"
                          HEIGHT="161"
                          WIDTH="3614"
                          VPOS="4328"
                          HPOS="483"
                          CONTENT="die Wasserstelle nicht gefunden. Wir gerieten an ein kleines"/>
               </TextLine>
               <TextLine ID="r3l33"
                         BASELINE="4661"
                         HEIGHT="210"
                         WIDTH="3619"
                         VPOS="4451"
                         HPOS="485">
                  <String ID="string_r3l33"
                          HEIGHT="210"
                          WIDTH="3619"
                          VPOS="4451"
                          HPOS="485"
                          CONTENT="Tal mit malerischen Schamben (schon zu Kindope gehörig). Die Leute"/>
               </TextLine>
               <TextLine ID="r3l34"
                         BASELINE="4845"
                         HEIGHT="211"
                         WIDTH="3486"
                         VPOS="4634"
                         HPOS="465">
                  <String ID="string_r3l34"
                          HEIGHT="211"
                          WIDTH="3486"
                          VPOS="4634"
                          HPOS="465"
                          CONTENT="wollten aber noch nicht zu dem nahen Flusse gekommen,"/>
               </TextLine>
               <TextLine ID="r3l35"
                         BASELINE="5001"
                         HEIGHT="206"
                         WIDTH="3300"
                         VPOS="4795"
                         HPOS="438">
                  <String ID="string_r3l35"
                          HEIGHT="206"
                          WIDTH="3300"
                          VPOS="4795"
                          HPOS="438"
                          CONTENT="sein, was entweder gelogen ist oder von unglaublichem"/>
               </TextLine>
            </TextBlock>
         </PrintSpace>
      </Page>
   </Layout>
</alto>
