4324 5213
3743 193 180 144 95

386 244 3669 196 Aufstieg in d. Nachmitt.-Sonne sehr gefürchtet, aber ein

393 352 3451 251 kräftiger üb. d. Höhe blasender Wind, machte das

354 527 3497 237 Klettern sehr angenehm. Abends war mir auf der

391 699 3547 301 Höhe wirklich kalt. Köstliche Fernblicke, von denen

450 835 3247 284 damals nichts, garnichts zu sehen war. Stark

457 989 3611 316 zerklüftete Berglandschaft. Ließ am Fuße d. Plateaus

451 1191 3607 273 nach Knochen suchen, da in d. Tat d. Saurierschichten

478 1287 3398 316 nur d. unteren Teil der Makonde-Schichten dar„

484 1506 2385 343 zustellen scheinen. Nichts gefunden.

674 1692 3389 316 30. Nov. Bei Mondschein aufgebrochen, da jetzt breite

453 1888 3603 278 Barrabarra. Ich weit voraus. Auf Puduka geschossen, aber

484 2055 3479 326 ohne Erfolg. Viel Perlhühner, aber die Flinte nicht in

510 2215 3500 251 der Nähe. Weg bis Nkanga etwa 3 Std., zuweilen etwas

497 2439 3373 221 eintönig, doch beim ersten Abstieg auf halbem Wege

500 2516 3453 335 wieder schöne Blicke in die Lutamba-Gegend, durch

512 2696 3534 291 die ich zurückkehren will. Viertelstündchen Rast, dann

534 2898 3500 266 Zum Jumben Ali auf Lutende. Da hier schattige Shauri-

556 3011 3310 291 Halle u. Träger weit zurück, machte ich Mittagsrast.

583 3165 3509 334 Gegen ½3 in's Tal hinab. Prächtige schattige Laubkronen

558 3362 3347 289 der Mangobäume, beginnende Palmen, wunder„

546 3514 3407 304 voller Überblick über Küstenstrich u. oben flüchtiger

573 3769 3233 200 Blick auf den Ozean. Fand am Fuße Fossilien in

579 3852 3515 299 einem einzigen Block, den ich nicht transportieren

575 4022 3252 232 u. nicht zerschlagen konnte, da mein Hammer

603 4201 3160 291 brach. Prächtiger Lagerplatz in Namembo unter

560 4416 1138 265 Mango-Kronen.
