4324 5213
197 276 229 209 100

415 230 3446 257 daß es vielleicht unvorsichtig gewesen war, in wildem Lande

427 403 3323 230 den Kugelvorrat nur nach dem Jagdbedarf zu bemessen. Nun,

437 517 3474 267 dieser Stammtisch dauerte 3-4 Stunden in Heiterkeit u. Frieden,

421 669 3534 250 dann zogen die Teilnehmer wieder in ihre Dörfer ab. Außer

443 795 3414 276 etwas lauter Unterhaltung der großen schwatzenden Menge

480 957 3352 272 u. einem Kerl, der vor meinem Zelt herumtanzte u. wegge„

467 1136 3360 256 jagt werden mußte, nachher aber alle Fragen nach Wild„

457 1245 3254 272 bestand beantworten konnte, war von „Unsitte“ nichts zu

434 1415 3215 239 bemerken. Wenn es immer so harmlos ist, dann wird

430 1520 3436 333 stark übertrieben. Mein friedliches Treiben wurde nicht gestört.

621 1704 3271 285 7 Dez. Noch ein Abstieg, dann am Plateaurande hinauf nach Naholo.

447 1845 3377 395 Prächtige Lage am Steilabbruch. Hätte ich's gewußt, wäre ich vielleicht

519 2032 3382 356 gestern doch noch hergekommen, zumal hier d. Träger merkwür„

498 2160 3404 369 digerweise reichhaltigere Eßvorräte finden als im Tal. Man sollte

485 2317 3268 358 meinen, daß auf d. wasserlosen Höhe gänzliche Unfruchtbarkeit

459 2490 3233 366 herrschen müßte. Meist Mhogo und Ananas, auch Mais. Der Weg

487 2663 3472 334 hinauf führt über eine vorspringende Zunge, die einen gewaltigen

498 2807 3443 393 Erosionskessel in zwei Teile zerlegt. Steilabbrüche wie üblich nach

536 2957 3312 316 unten in sanftere Böschungen übergehend. Durch Naholo ohne

522 3124 3394 354 Aufenthalt (das Gespräch mit d. Honoratioren ging im Marschieren

505 3324 3380 303 vor sich) weiterziehend, erblickte ich zu meinem Erstaunen

522 3437 3447 306 über den Baumgipfeln vor mir einen Berg, der die ebene

505 3572 3419 415 Plateauhöhe ⹍ also nicht unbeträchtlich überragen mußte. Lei„

546 3735 3422 317 der führte der Weg nicht in d. Nähe, doch schien mir nachher

559 3858 3464 356 von ferne d. Angabe d. Eingebornen bestätigt, daß das Gestein

617 4008 3318 314 bis oben hin d. Gleiche bliebe u. sich ein weiter Rundblick

567 4196 3404 261 bieten müsse. Name d. Berges Tshiwambwe, Naholo wird auch das

565 4336 3439 341 Plateaustück genannt. Schöne Parklandschaft, schoß auf eine große

593 4466 3286 327 Zibethkatze, verfehlte aber leider. Nach kaum ½ Std. war der

420 4764 2536 271 ⹍ Im Bornhardt finde ich, daß nach S. Steigung statthat.
