4324 5213
313 189 213 166 32

470 221 3291 224 Straße in's Dickicht geschleppt. Ziege war getötet. Von

445 414 3521 205 dort auf d. barrabarra um d. Tendaguru zum Arbeitsplatz

439 515 3446 247 im Norden. Nachm. Schach. Abend. Gegen Sonnenuntergang auf

458 725 3061 238 dem Wege abwärts zu einem Knochenfundpunkt.

565 811 3090 250 Abds. gelesen. Verdauung wieder regulär.

433 988 3437 317 Sonntag d. 27. Juni: Vorm. m. Dr. J. u. 3 Boy's zu einer

444 1217 3370 212 weiter gelegenen Quelle am Westfuß d. Tendaguru.

455 1375 3525 213 Im Bachbett gute Aufschlüsse u. Fossilien, aber gelbe, mürbe,

261 1469 3745 285 u. helle, feste, sehr grobe Sandsteine anscheinend wechsellagernd.

401 1704 1518 250 Durch dichtes Pori zurück.

723 1764 3202 293 Nachm. „Die Erhöferin“ ausgelesen. Erscheint mir in

471 1883 3504 347 den Situationen gezwungen, in d. Darstellung nicht stets

442 2158 926 278 auf der Höhe.

693 2217 3119 272 Boheti hatte auf meine Frage nach der gestrigen Muëra-

417 2421 3460 251 Ngoma erzählt, sie sei ein Freudenfest aus Anlaß der Tötung

443 2518 3338 282 des Leoparden gewesen. Die Muëra fürchteten d. Chui sehr u.

452 2689 3416 248 tanzten aus gleichem Grunde nicht selten 3 Tage lang; dabei

465 2792 3355 271 mache einer die Gebärden des Leoparden, u. überfiele ein

481 2908 3270 329 Haus nach dem andern u. „erbeutete“ dabei Mtama, Reis,

458 3026 3387 293 Tabak oder was ihm Jeder geben wolle. Ich äußerte den

460 3170 3446 340 Wunsch dergl. zu sehen u. Boheti veranlaßte am Abend, als

494 3274 3442 317 alle Leute zurückgekehrt waren, in der Tat diese Vorstellung.

491 3456 3500 278 Freilich sah ich nur einen großen Kreis von Zuschauern u. in der

487 3562 3565 316 üblichen Weise Tanzenden, darin anfangs einen Mann, später

465 3711 3541 338 einander abwechselnd auch Mehrere zugleich mit wilden, un„

481 3873 3425 310 geregelten Sprüngen u. Grimassen umhertoben, so wie ich mir

478 3972 3545 283 wohl als Knabe den „wahren“ Tanz vorstellte. Mit Leoparden hatte

488 4103 3428 262 das Ganze nicht das Geringste zu tun, außer daß der erste

499 4230 3331 292 Tänzer (wohl kaum zufällig) hinten aus dem Lendenschurz ein

473 4354 3239 319 langes Tuch herabhängen hatte, daß offenbar den Schwanz

455 4483 3557 299 vorstellte. Die Vornehmheit erforderte, daß mein Boy die Lampe

462 4614 3453 298 trug. Der halbe Mond hätte wohl geeignetere Beleuchtung ge„

483 4849 472 159 spendet.
