4324 5213
3862 247 188 128 13

463 262 3446 224 Verschwimmen des Ganzen in einem leisen Mond„

450 416 3469 228 scheine gab Stimmung genug, um den leider nur so

413 519 2791 273 kurzen Tag in guter Erinnerung zu halten.

624 676 3379 258 28.IV.09. Vorm. Ankunft des Herrn Besser von der

436 835 3619 316 D. O. A. G., der Sattler ablösen wird. Abend wieder zum

410 1045 3703 224 Sonnenuntergang auf d. Tendaguru. Die neue „Gelegenheit“

409 1176 3068 230 im Lager mit einer „bata baridi“ gefeiert.

523 1323 3519 281 29.VI.09. Auch dieser ernste Tag in fremder Erde. Könnten die

419 1491 3482 285 Dahingegangenen doch noch an meinem Glück teilnehmen!

581 1647 3198 288 Nachm. Etwas gemalt (im Zelt) Ankunft, der

458 1793 3408 355 Post aus Europa, d. ersten Nachricht v. d. Meinigen

436 1994 3594 331 seit  Neapel. Liebe Geburtstagsbriefe. Zeitungen.

619 2195 3103 312 30.IV.09. Im Graben stellen sich immer mehr

438 2372 3451 261 Knochen heraus, die gewiß nicht zu Dinosauriern

504 2530 536 264 gehören.

697 2657 3178 210 Nachm. Präpariert. Geschrieben. Wollte noch etwas

466 2848 3383 242 malen, als mir plötzlich angeboten wurde, sofort

487 3016 3346 226 m Sattler u. Namwiranje abzumarschieren. Ich

460 3109 3336 246 hatte diesem Wunsche einmal Ausdruck gegeben

509 3277 3304 238 um d. v. Tendaguru gesehene Land aus d. Nähe

442 3402 3190 253 kennen zu lernen u. Beobachtungen im

486 3533 3364 233 Grenzgebiete d. Gneises u. der Sedimente zu

482 3701 3359 247 machen. Ich war sofort bereit, 1½ Std. später zogen

512 3886 3492 215 wir ab, mit mir gingen Boheti, Koch, 2 Boys u.

470 3960 3460 216 10 Träger. Sehr warm. Abstieg in's Mbenkuru-

470 4087 3159 335 Tal. 1 ¾ Std. guter Marsch bis zum Jumben

3116 4106 502 138 v. Nanundo

3581 4142 530 269 zuletzt

463 4294 3464 291 in hellem Mondschein. Unten stärker besiedelt,

451 4482 3629 285 andere Vegetation, aber auch richtige Fieberluft.

488 4632 3414 301 Einige Hütten ungemein malerisch u. echt-afrika„
