4324 5213
306 212 175 172 24

518 218 3448 307 18. Mai: Auch im neuen Graben beginnen jetzt interessante

389 418 3409 269 Funde. Immer mehr zeigen sich allerhand. Knochen, die

390 580 2903 253 bei Riesensauriern schwer unterzubringen sind.

747 747 3211 203 Besuch d. Jumben v. Ntondo u. zahlreichen Lebensmitteln,

344 860 2704 231 sodaß meine Safari doch auch Früchte trägt.

570 1011 3017 231 Nachm. Schießversuche. Abd. Schach m. Dr. Janensch

443 1100 3445 315 Jonas Lie's „Ehe“ beendet; ein psychologisch äußerst durchdrin„

503 1290 3312 253 gendes, erst im letzten Teil zu stark Typen schaffendes

463 1458 3448 243 Buch, aus dem ein feines Gemüt u. ein offener Blick

399 1591 1483 306 (auch in's Weite) spricht.

594 1774 3384 312 19. Mai: Im hinteren Teile des ersten Grabens, zu dem

391 1962 3512 262 Dr. J. weitere Quergräben ziehen läßt, glaube ich zu be„

417 2105 3489 226 merken, daß unsere bisherigen Funde sich so gut wie

438 2233 3575 280 ausschließlich auf zwei auch in d. Fazies (weiße Kalkbröckel„

465 2407 3288 324 chen) unterschiedene Schichten beschränkt sind. Für d.

469 2614 2465 285 fernere Suchen an dieser Stelle wichtig!

718 2770 3242 262 Zum ersten Mal eine offizielle Kiboko-Strafe, natürlich

419 2932 3601 192 Weibergeschichte. De Der betr. Mngoni scheint nichts zu fühlen,

433 3050 3470 233 die alten Krieger verleugnen sich noch nicht. Zwischen d.

396 3187 2469 283 Stämmen bestehen gewisse Reibungen.

647 3346 3102 231 Vorm. M. Hrn. Besser u. Dr. J. auf d. Tendaguru, um

409 3494 3569 230 ein über d. Mbenkuru-Lauf lagerndes Nebelmeer zu

432 3650 1923 288 betrachten. Morgens 6h 18° C.

1609 3758 698 197 9h 26° „

1630 3874 668 188 3h 31° „

471 3971 3421 326 20 Mai. Im Anschluß an einen Schnupfen beginnt mein Ohr

377 4208 1574 245 wieder sich zu melden.

610 4236 3356 325 Einen dritten Graben, ausgehend vom ersten begonnen.

465 4528 3251 202 21. Mai. An einem interessanten Knochen im Graben

374 4620 3448 321 präpariert. Leider teilen d. Funde d. Brüchigkeit des Gesteins,

388 4766 3056 238 so daß ständig getränkt u. gewartet werden muß.
