4324 5213
258 243 165 175 104

519 242 3242 309 8 Dez. Früh aufgebrochen, rechts aus d. Tal heraus u. etwa

536 387 3290 355 parallel dem Rondo-Plateaurand nach N über all die Flüsse,

589 548 3248 326 die nach W. in d. Mbenkuru laufen (Mikomani, Mandawa,

528 734 3497 278 Nahangi, Namyura, Nebenfluß des Mandawa) Von meinem Lager„

543 974 3506 289 platz Chirombwe ging es noch lange durch gleichen Wald wie der

557 1062 3364 369 gestrige, doch sah ich nichts von Wild, vor allem bedauerte ich

546 1213 3423 306 nicht Zeit zu haben, um Zebras zu beobachten. Nachher durch

546 1422 3216 267 besiedeltes Land, wo auch der vielen Wege halber ein

560 1567 3408 326 Führer von nöten war. Der Nahanga od. Nahangi soll weiter

561 1773 3187 287 aufwärts fließendes Wasser führen, im Mandawa fand ich

558 1893 3298 325 anstehenden Gneiß mit Graphit u. Granaten, während ich des

563 2061 3368 267 roten Bodens wegen noch immer wähnte in d. Makonde-

512 2224 3436 355 Schichten zu sein. Der „Führer“ fand leider nicht d. Weg, der in

515 2427 3472 272 die Einsattelung zwischen Namyura u. Namunda führt, son„

502 2555 3369 363 dere brachte mich zu weit nach W. u. mußte sich schließlich

493 2727 3570 367 ablösen lassen; Jeder kannte immer nur eine kurze Strecke.

487 2900 3585 320 In halber Höhe des Namyura schöner Rückblick: Die anscheinend

460 3101 3452 360 sämtlich zusammenhängenden Plateaus, daran anschließend

455 3285 3601 321 im S. der Nabrunga, der d. Plateau überragt, vielleicht bereits

468 3402 3543 294 einer der Inselberge, die sich in weitem Kranz nach W. hin„

508 3623 3540 289 ziehen: Ilulu, als breiter Rücken erscheinend, Ndinga, aus vielen kleinen

526 3767 3321 349 Spitzen bestehend, Enje auffallend spitz. Auf d. Höhe ein Stück d.

540 3943 3495 327 barrabarra gefolgt, dann links hinunter und noch eine ewige

570 4084 3102 298 Strecke im Tal bis zum alten Lagerplatz in Ubolelo.

749 4226 3305 348 Hier war großes Volksfest, Tanz u. Pombe. Wie ich erfuhr, wurde

450 4373 3448 413 (k)oniago“ gefeiert, d. h. Pubertätsfeier für 6 junge Mädchen, die,

507 4605 3276 280 wie mir erzählt wurde, einen Bauchtanz auf erhöhter Bühne
