4324 5213
399 180 202 129 42

472 173 3399 329 gleichen roten Abstürzen wie der Noto, links u.

453 310 3585 302 rechts oft hübsche Blicke in Täler u. Hügelwälder.

451 455 3583 317 Kurz vor Matapua links ein höherer Hügel mit

427 636 3454 404 steilen dunkelroten (freilich im Schatten) Wänden wie

469 781 3533 423 der Lipungiro, nicht wie die großen Plateaus. Beim

434 977 3525 407 Abstieg in's Mtshingiri-Tal wieder Konglomerate.

730 1160 3287 414 Zugleich prächtiges Bild, auf d. Talkessel des Dorfes

580 1361 3413 361 u. seine schöne vom Bananen eingefaßte Straße.

502 1533 3336 334 D. Jumbe Nassoro, vor dessen Hause ich zwischen

479 1670 3494 359 Kokospalmen u. Kautschukbäumen d. Zelt aufschlug,

504 1849 3368 372 nicht anwesend, doch besuchte mich sein Nachbar

495 2031 3438 342 Abdallah b. Sefu, ein verständiger Mann, mit dem

519 2179 3471 379 ich viel über Afrika u. Uluga schwätzte. Ich aß, wie

496 2365 3493 336 Cook sagt, öffentlich (in d. Shauri-Halle) Ein ker„

528 2561 3376 307 zengrader Baum m. grünem Stamm, an dem kl.

522 2714 3282 363 Warzen m. Spitzen steckten, u. Zweigen, die

534 2903 3286 351 unter 120° zu je 3 von Zeit zu Zeit wagerecht

475 3102 3405 314 abstanden, war mir ganz neu, ich kenne ähn„

449 3248 3444 313 liches nur an unsern „Lebensbäumen“ in Töpfen.

467 3440 2914 290 Mein Vokabular gefüllt u. um d. Sprache der

464 3564 3511 276 Wamachingo (hier u. auf d. Likonde, angeblich d. Wama-

450 3742 3538 297 konde verwandt, was ich aus d. Sorache noch nicht

561 3862 3427 349 ersehe) bereichert. Dann üb. d. Mtshingiri (am Ufer

511 4082 3382 328 Torfbildungen?) auf d. gegenüber gelegenen Berg,

495 4268 3496 293 wo ich reichlich Fossilien u. einen schönen Papagei

569 4402 3431 279 erbeutete, zurück auf d. andern Wand des Kessels,

456 4609 3348 268 wo wieder anderes Gestein, dann noch einmal
