4324 5213
359 222 197 263 60

724 323 3300 277 Zur Vervollständigung nachm. oberhalb der Quelle geklopft.

521 460 3535 289 Leider kann man nie d. ganzen Nachmittag ausnützen,

514 642 3321 291 der Sprechstunde wegen. Nun wäre d. Gegebene, wir

513 800 3461 239 wechselten uns darin ab, aber darf ich das anregen?

507 964 3334 269 Und Janensch hat garnicht d. Bedürfnis zu organischer

515 1095 3511 292 Arbeit. An d. Gräben geht er, wenn ein Knochen zu sehen

497 1323 3489 322 ist, um ihn zu deuten, etwas das doch erst zu Haus

529 1458 3412 337 geschehen kann, nicht aber um zu beaufsichtigen und zu

474 1632 3439 291 Direktiven zu geben. Seine Tätigkeit ist so ganz auf's Theo„

476 1836 3452 291 retische zugeschnitten. Auch d. Vorbereitungen erscheinen mir

492 1992 3500 245 mangelhaft. Die Lektüre muß nachbeschafft werden, desgl.

459 2138 3399 395 Gyps u. Werkzeuge, Auszüge aus d. Litteratur habe ich in

469 2323 3511 383 d. 8 Tagen mehr gemacht als er, u. was vorbereitet ist,

441 2544 3332 355 hat Herrmann besorgt. Aber - „schweig stille, mein

467 2727 3368 358 Herze“. Ich darf nicht dazu kommen ihn zu schelten.

690 2942 3328 353 26. Aug. Morgens m. Boy, einem Arbeiter und dessen

483 3231 3512 297 Boy den Weg nach Mtapaia, um Knochenfunde zu besich„

460 3354 3357 323 tigen. Dicht bei den früheren u. wenig gut. Der Junge

460 3548 3397 332 führte mich dann eine gute halbe Std. weiter jenseits d.

442 3707 3431 352 Flusses u. zeigte mir eine weitere Stelle, die vielleicht

449 3916 3232 253 in Betracht kommt. Den Matarawe-Fluß abwärts,

439 4108 3353 269 prachtvolle Bilder: Wasser, dichte Vegetation, niedrige

436 4251 3440 321 Palmwedel, ein Volk Perlhühner, große Steinplatten

430 4434 3297 310 im Bachbett, das seltsamerweise kaum erkennen

416 4674 3422 248 ließ, wo oben u. unten war u. das trotz starker
