4324 5213
291 202 208 210 18

464 236 3311 384 Das auf d. stellenweis stark verwachse„

433 462 3428 378 nen Barra-barra u. m. oft nur freiliegenden,

471 644 3255 384 nicht anstehenden Blöcken möglich war,

484 874 3192 374 folgendes Profil, gänzlich ohne Fossilien:

807 1013 2636 401 Roter Porphyr (noch am Fuße selbst.)

771 1283 2071 344 Weißer Marmor (wenig)

759 1433 3040 359 Grobes Konglomerat (Trigonen-Schicht?)

793 1828 2778 407 Seltsame konkretionsartige, kl. Gebilde, zu

1220 2105 2523 276 bröckeligem Gestein vereinigt u. eine

1207 2248 2081 322 steilere Böschung bedingend.

456 2485 3163 351 Oben auf d. Plateauhöhe schlug ich von einem

461 2673 3345 327 ganz feinkörnigen Sandstein ein Stück ab, bin

457 2839 3373 273 aber nicht sicher, ob d. betr. Block vielleicht

435 3025 3486 268 transportiert war. Wir bogen scharf links

429 3172 3309 369 von d. barra-barra ab u. bekamen alsbald

455 3376 3481 342 einen schönen Blick auf Namunda u. Tendagu-

394 3573 3489 316 ru. Namyura u. Namunda gleich hoch u. eben,

450 3738 3504 333 getrennt durch ein Kesseltal, das soeben begon„

458 3916 3494 257 nen hat, die letzte Verbindungsbrücke anzu„

466 4082 3349 327 nagen. Ränder oben sehr scharf u. fast senkrecht

510 4236 3477 367 abfallend, aus d. roten Schichten (Makonde-), wie

461 4477 3439 230 am Note aufgebaut. Schöner Ausblick in d.

429 4644 3546 308 Land des Mbenkuru u. Tendaguru. Abgezeichnet.
