4324 5214
277 227 260 237 156

494 198 3421 268 Abendbrot luden. Von Knochen u. Versteinerungen

527 412 3283 191 nirgends Kunde, hier kann man auch leider

548 491 1472 306 garnicht suchen lassen.

716 611 3284 318 Wollten erst nachm. m. Materialzug nach Daressalaam fahren.

534 791 3436 244 Plötzlich kommt ein Zug unerwartet früh durch u. wir mei„

543 922 3491 284 nen nun die Gelegenheit verpaßt zu haben u. kündigen

547 1070 3349 246 uns in d. Mission an. Nachher kommt der erwartete

633 1244 3268 244 Zug ebenfalls, unsre Lasten aber nicht bereit u. der

593 1377 3314 307 Herr Zugführer war ungnädig. Also abends in der

622 1523 3302 263 Mission. Bei Mondschein zurück. Ich hatte die Pistole schuß„

558 1731 3363 295 fertig in d. Hand, da in dem Laubengang nicht weit zu

553 1891 2794 318 sehen: gestern nacht hatte ein Löwe gebrüllt.

694 2070 3257 281 21.III: Nach Daressalaam. Janensch zu Fuß voraus, ich

515 2200 3265 289 bis Pugu, um des Fußes wegen mit dem Nachm. Zug

525 2391 3353 257 nachzufahren. Doch ging sich's nach einiger Zeit ganz gut

527 2547 3372 279 u. ich hatte nicht Lust so lange zu warten. Also auf der

506 2666 3368 278 Straße nach Daressalaam. Frischer Seewind machte

527 2847 3251 295 das Gehen (ohne Rock) sehr angenehm. Kräftiges Tempo.

684 3035 1459 263 Mittag im Kaiserhotel.

953 3160 2217 220 22-23. Daressalaam. Einkäufe u. s. w.

771 3280 3251 274 24. AugMärz: Morgens mit „Kaiser Wilhelm“ (Gouvernements-

527 3435 3286 273 Dampfer) bei herrlichem Wetter nach Zanzibar. Fanden

501 3599 3409 304 „Seeadler“, zwei englische Kriegsschiffe u. d. Stadt in Flag„

549 3768 3437 345 gengala wegen - eines mohmed. Festtages. Unser

533 3968 3319 235 Kapitän schimpfte, weil er auch flaggen mußte, die

523 4121 3169 278 richtige nicht fand u. schließlich setzte er frech die

508 4300 3453 303 Gouverneursflagge. Spazierfahrt m. Wagen in die Nelkenpflanzungen

682 4503 3333 276 25. Nach Bagamoyo u. Pangani. Höchst angenehme Kabinen

531 4646 3422 280 u. gemütliches, geräumiges Deck. Schachpartie im lachenden
