4324 5213
353 194 168 176 26

434 208 3253 288 29. Mai: Taube geschossen. Sonnenunterg. auf Tendaguru.

435 383 3570 302 Sonntag d. 30 Mai, Pfingsten: Mit Boy Sefu u. 3 Mann auf

386 627 3577 242 dem Wege nach Lindi bis zum Anstieg auf rötlichen Hügel„

394 784 3478 268 zug (1 Std.), auf diesem entlang gegen Matapua bis zu kleinen

367 878 3402 324 Häuschen mitten in d. Wildnis, von dort z. T. ohne Pfad

413 988 3611 289 auf d. Barra-barra u. von Norden zurück in's Lager( 5¼ Std.)

383 1158 3612 349 Vom Hügelzug schöne Fernblicke üb. d. Tendaguru (photograph.)

395 1411 3522 247 Dicht vor mir sprang eine kl. Tucker-Antilope wie ein Reh

393 1517 3525 299 über d. Weg. Ganz frische Barrappi-Spur, aber schlechter Wind,

389 1668 3574 235 viel Dickicht. Einen Kurukuru geschossen, da meine Leute ihn

416 1790 3576 326 für ausgezeichnete Speise erklärten; hatte den Ruf oft gehört,

421 1942 3384 280 d. Vogel aber nie gesehen, freute mich jetzt sehr über

410 2057 3607 292 das wunderbare Farbenspiel des Gefieders: Kopf kakadu-ähn„

406 2230 3627 282 lich, der Schopf üb. d. Augen grün, nach oben blau mit goldigem

372 2355 3442 283 Schimmer, Körper grau, Schwungfedern tiefrot. Schwanz

431 2500 3392 319 schwarzblau. Kurze Rast. Hinter den kleinen Schamben in

333 2657 3440 320 Flußläufen Trigonien-Schicht dicht voller Fossilien zum

350 2758 3576 395 Erstaunen meiner Begleiter. Die rötlich-porphyrähnlichen

369 2902 3594 342 Gesteine, die auch an d. Oberflächengeröllen reichlich betei„

373 3068 3634 342 ligt sind, fand ich hier höher anstehend(?) Tals d. Trigonien„

322 3245 3633 313 Schicht, an andrer Stelle über dem typischen Trig.-Konglo„

379 3413 3674 309 merat weiße feine Sandsteine. Auf d. Barrabarra Terrain„

373 3509 3661 358 kante von Konglomerat mit Fossilien (ohne Trigonien?),

418 3736 3617 276 dann am Mtapaia-Fluß, der noch viel stehendes Was„

434 3855 3533 384 ser hält, deutlich gebankte grobe Sandsteine. Hier einen

428 3992 3400 356 reiherähnlichen, kl. Vogel geschossen, den ich für eine

460 4198 3559 310 Schnepfe gehalten hatte. 2 Schopfperlhühner gesehen, konnte

445 4330 2831 287 aber im Dickicht nicht folgen. Um 12 zurück.

698 4480 3202 290 Fest-Diner u. „Kalte Ente“. Nachm. Hrn. Besser geholfen,

393 4609 2574 243 d. Kurukuru zu präparieren. Abend. Schach

832 4693 3081 322 Momentane Übelkeit vor d. Stuhlgang, vielleicht Überanstrengung.
