4324 5214
3804 187 207 160 25

474 228 3377 241 Nachm. u. Abd. Schach. Zum Sonnenuntergang auf d. Berg.

373 395 3518 312 22. Mai Weiter präpariert. Im Graben eine Feldmaus

362 591 3546 299 gefangen. Dr. J. fängt eine höchst interessante Heuschrecke

349 765 3628 309 (Anpassung an Blume. Hinterleib aufgewölbt, um Rundung

372 969 3518 244 herbeizuführen, Kopf kelchartig nach unten zugespitzt, Fühler

366 1092 3726 298 als Staubfäden frisiert; eine prächtige Idee!) Suchte d. Farben

364 1233 3293 303 m. Aquarell festzuhalten. Besuch d. Jumben Omari.

475 1396 3629 273 Posho-Zahltag. Gegen Abend m. Hrn. Besser u. Dr. J. ¾ Std.

443 1599 3312 223 auf d. Weg zum Kerani Ligoma, wo ich schon 2 mal

404 1747 3446 262 Rebhühner beobachtet hatte. Sahen sie auch heut, ohne

419 1922 2055 252 indes zum Schuß zu kommen.

656 2059 3146 284 Im Chamberlain (Grundlagen d. 19. Jahrh.) geblättert.

448 2243 1519 250 Wolkig u. regendrohend

406 2360 3605 331 Sonntag d. 23. Vorm. m. Dr. J. am Maimbui-Fluß.

689 2561 3436 299 Im Chamberlain gelesen. E. Th. Hoffmann („Menschen

415 2744 3685 292 u. Nächte“) begonnen. Ein guter Sekt, doch ist auch hierin

419 2915 3585 200 ein einfacher guter Wein meinem Geschmack lieber.

576 3053 3523 293 Abend auf d. Tendaguru. Früh zu Bett (ausnahmswei„

378 3253 961 300 se kein Schach)

605 3405 3462 313 24. Mai: Graben ausgemessen u. skizziert. Dr. J. photogra„

3086 3555 993 193 phiert d. gr. Humerus.

589 3566 2437 314 25. „ Dr. J. wieder etwas unwohl.

594 3699 3315 358 26. „ Magazin f. d. Knochen fertig gestellt. Schach

449 3930 3313 228 m. Hrn. Besser. Im Graben III ein Zahn gefunden.

641 4087 3460 302 27. Mai. Morgens im Lager photographiert. Dr. J. hat Fieber.

1441 4274 847 174 Post aus Europa.

621 4245 3341 269 28. Mai. Vorm., während Hr. Besser auf Jagd u. Dr. J. zu Bett,

420 4407 3650 285 an d. Falle gerufen, wo sich eine Tibetkatze gefangen hatte. Mit Ali

435 4570 3669 275 zusammen durch mehrere Schüsse erlegt, um d. Qualen möglichst

417 4704 1986 297 abzukürzen. Brief an Mama.
