4324 5213
311 280 246 183 128

513 206 3044 355 weise fast senkrecht stehend, winzige Stauchungen.

754 426 3268 243 An der alten Barrabarra Bagamoyo-Mrogoro zurück.

544 542 3524 384 Das Einfallstor der Europäer, hier sind Stanley, Wisman

586 665 3401 409 u. so mancher Andre vor mir gezogen. Am Flusse nur

582 856 3413 356 noch die Steinpfeiler einer ehemaligen Brücke. Die

536 1051 3316 386 Regierung hat kein Interesse mehr daran u. die

603 1186 3398 365 Schwarzen nie eins gehabt (in d. Regenzeit benutzen

587 1365 3233 349 sie für einige Heller die neue der Eisenbahn). Ein

571 1533 3441 329 kleines, kräftiges, dreistes Weibchen wollte mich über

562 1722 3373 281 d. Wasser tragen; um einem Vollbad vorzubeugen,

565 1863 1977 345 gab ich noch d. Träger zur Hilfe.

749 2061 3069 310 Sonntag d. 13.II: Morgens auf Jagd, um unterwegs

549 2216 3518 338 leichter Träger zu erhalten u. d. Küche zu schonen. Lieber,

541 2385 3472 328 wäre ich vielleicht mit d. Fossilsuchern gegangen u. habe

566 2540 3358 392 dort viel versäumt, denn als ich's Nachm. nachholen

596 2711 3216 284 wollte, hörte ich es sei schon zu spät. Durch d. Dorf,

621 2881 3383 322 von dessen Höhe prachtvoller Blick auf d. freilich ver„

632 3032 3120 360 hüllten Berge, an der Kautschukpflanzung eines

646 3166 3343 302 Engländers vorbei, der Barrabarra nach in herr„

671 3349 3109 339 lichen Wald. Dann links ab in's Pori. Ich war

645 3536 3383 340 erstaunt im Gegensatz zu Mikesse meist sehr beque„

643 3707 3252 359 mes Gras zu finden, freilich auch bösere Stellen u.

658 3878 3192 353 große Fliegenqual. Glaubte flüchtig einen Barappikopf

653 4065 3097 317 zu sehen, sah dann aber samt Begleitern den

687 4256 3151 281 ganzen Vorm. nichts, absolut nichts mehr, außer

635 4379 3277 362 frischen Zebraspuren. Gleichwohl soll sehr viel Wild

660 4595 3266 222 da sein u. mir ist das höchst wahrscheinlich. Als ich
