4324 5213
3636 174 179 128 73

434 255 3578 247 Sonntag d. 3. Oct. Da morgens jetzt kurz nach d. Vollmond Mond„

452 346 3643 333 schein, endlich die Namunda-Tour gemacht. Ich setzte durch, daß

464 475 3512 311 wir schon vor 5 abmarschierten. Unterwegs bekam ich ein„

472 658 3367 278 mal ein Ngorombwe, einmal ein Schwein vor das

484 838 3514 204 Gewehr, das aber leider nicht in Ordnung war; der

459 958 3520 255 Schuß ging nicht los. Wir verfolgten Barappi-Spuren

488 1140 3583 256 u. besichtigten eine Knochenstelle an d. Wasserscheide zum

468 1267 3452 300 Mtshingiri (nichts Wertvolles). Hier mußte Janensch nach

500 1381 3511 300 2 Std. Marsch bereits ausruhen, während ich vor Begierde

459 1522 3503 315 brannte auf d. Höhe zu kommen. Als wir d. Weg zum

420 1656 3705 386 Plateau an dessen Fuß wieder erreichten, sprang eine

448 1813 3605 281 Herde Barappi auf. Ich verfolgte sie mit J. eine Strecke

463 1954 3405 360 getrennt, sah nur 3 Ngorombwe u. kehrte nach ½ Std. zum

449 2069 3522 324 Ausgangspunkt zurück in d. Erwartung J. schon dort zu

441 2242 3670 331 finden. Er hatte aber bereits etwas von „evtl. Aufgeben“

433 2429 3486 278 verlauten lassen u. als er bis ½9 nicht zurück war,

439 2591 3607 273 befestigte ich eine Nachricht an einem Baum u. ging mit

451 2747 3579 276 meinem Boy, um das Vorhaben nun endlich auszu„

481 2858 3598 363 führen. Auf meinen Thee u. d. Rücksack m. Hammer u. Apparat

412 3014 3456 303 mußte ich verzichten, J's Begleiter trugen ihn. Bald öffnete

411 3206 3635 331 sich rechts ein schöner Ausblick über hohe Bäume hinweg

427 3301 3363 334 auf d. Tendaguru, der schon tiefer lag. Der Weg führte auf

413 3560 3626 284 schmalem Rücken dem Hange des Plateaus hin u. mün„

429 3699 3377 263 dete auf einen breit ausgetretenen, der vom Karani

403 3860 3670 271 Ligoma heraufführte. Er ging jetzt prächtig am Abhange hängend

508 4091 3537 216 schräg hinauf, überschritt eine Kante u. mündete auf einen

476 4179 3517 318 freien Platz, auf dem ich unwillkürlich das Schild „Schonung“

404 4406 3550 257 suchte. Das Gras abgebrannt, kahle, schwache Stämmchen u. erste

426 4490 3389 290 Andeutungen von Unterholz. Weit u. frei schweifte der

388 4634 3512 294 Blick nach W, N u. Ost über die Plateaus u. die Gneißebene,
