4324 5213
3717 184 271 147 163

455 262 3614 245 15. April Daressalaam. Kein sofortiger Anschluß, was

454 378 3382 208 uns u. besonders den Boys nicht ganz unlieb.

551 600 3531 229 17. April. Mit „Sultan“ Abfahrt nach Bagamoyo. Kein

574 723 3508 258 angenehmes Schiff, kaum ein Plätzchen zum Aufenthalt.

512 876 1165 314 Aber schöne Fahrt.

622 1059 2068 258 18. Kilwa, 19 Lindi Ankunft.

582 1220 3294 338 Jetzt erst setzte eine Regenperiode ein, die unsern

584 1391 3121 353 Abmarsch immer weiter hinausschob, was ja

578 1570 3208 366 Janensch ohnehin nicht schwer fällt. Immerhin

537 1773 3580 280 einigemal Tennis gespielt mit großem Vergnügen.

560 1955 1016 282 Lasten gepackt

705 2096 2294 251 23. abends Skatabend bei Wolff's

715 2269 2399 245 24 wieder grobe Verdauungsstörung.

708 2377 3311 276 26 abends: Auf Hrn. Schulze's Veranda nach gemein„

593 2582 3328 328 samem Abendbrot in d. Usagara, zu dem wir auch

613 2715 3357 371 Wolffs geladen hatten, recht feuchte Bowle. Spät nachts

619 2907 3277 343 von heftiger Verdauungsstörung in dieser meiner

609 3136 2213 332 Geburtstagsvorfeier unterbrochen.

712 3369 2969 204 27. Mein Geburtstag; in wenig erfreulichem

585 3513 3288 247 Zustande verbracht, konnte auch abends an einem

579 3650 3273 282 Skat bei Behmer's nicht teilnehmen. Letzter

556 3865 564 261 Regen.

783 3927 3013 389 28. Hrn. v. Schervening gegenüber Lindi besucht.

507 4148 3359 340 Mit ihm in eine der Höhlen eingedrungen. Reich

531 4343 3437 303 verzweigte Gänge, Hallen, Trümmerhaufen, Tropfstein„

507 4474 3334 375 gebilde. Wir mußten schleunigst zurück, als plötzlich die

507 4638 3290 330 Luft schlecht wurde, die Lampe ausging u. kein Streich„
