4324 5213
3745 181 172 195 97

348 244 3763 275 Generalvollmachts-Urkunde ausgestellt, da zufällig morgen

369 451 3737 247 ein unfahrplanmäßiger Dampfer mit Anschluß nach Europa

441 535 1602 311 geht. Brief an Mama.

675 714 3296 296 Abds. zum Tennisplatz an d. Bucht unter Palmen,

453 902 1624 255 dann zum Abendschoppen.

640 1076 3320 263 Nach d. Abendbrot Insekten- u. Photographieensamm„

488 1220 1979 269 lung d. Hrn. Schultz angesehen.

803 1451 2971 231 2 Dez. Vorm. 7-½12, nachm. 2-5 Lasten ver„

539 1640 3227 266 packt (165 Stück), dazwischen geschrieben u. gelesen.

526 1822 3337 253 Nachher bis zum Abendbrot gearbeitet. Listen an„

518 2026 3379 269 gefertigt, ethnograph. Arbeit, geol. Vorber. f. Rückweg,

551 2227 3310 202 Briefe. Ich fühle mich hier unerwartet wohl u.

533 2358 3329 302 erfreue mich vor allem am Blick auf die See.

531 2560 2722 247 Glänzender Sonnenschein u. kein Staub

706 2696 3262 348 3 Dez. Weiter Lasten verpackt (im Ganzen 200 Stück),

565 2923 3189 299 Besorgungen, Briefe, Lasten nach Tendaguru

595 3121 3272 296 abgefertigt. Werde morgen schon wieder ab„

634 3272 3183 306 ziehen müssen, ja müssen! Nach Beendigung der

621 3446 3320 274 Arbeiten ein wenig an dem Strand u. durch's Dorf gebum„

621 3629 3227 191 melt. Welch köstliche Farbenpracht. Am schönsten der alte Araberturm

629 3805 3398 154 in dunklem Laub u. violetten Blüten, davor ein Baum mit zartem

589 3852 3395 332 Grün u. leuchtendem Rot, dahinter die Palmen und das schöne,

631 3980 3162 268 lebendige. Meer. Hier möchte ich 8 Tage ohne Arbeit sitzen,

586 4133 3244 326 schauen u. malen! Gern hätte ich auch eine Einladung des

599 4297 3409 222 mir höchst sympathischen, weil vielseitigen u. riesig tätigen Bezirks„

583 4409 3342 250 amtmanns Wendt zum Sonntag abend in seine Villa mit der

563 4537 3521 236 ungeheuren schönstgelegenen Veranda angenommen. Ich empfin„

579 4663 2774 289 de zum ersten Mal, daß ich eine Pflicht hier habe.

828 4795 1321 219 Am Stammtisch verabschiedet.
