4324 5213
3792 219 260 144 151

452 183 3385 263 gab mir Muße, des Tages zu gedenken. Jan. kam auf d.

431 310 3363 291 Wege nach. Nach Tisch Wagen des Hotels m. stürmischen

439 469 3502 204 Maultieren u. einem Massai als Kutscher, der die Tiere

444 602 3617 254 noch ständig antrieb, um früh zurückzukommen. Straße im

485 759 3347 252 leidlich gutem Zustande, d. Fahrt durch Pflanzungen

494 946 3580 275 von Baumwolle, Sisal, Gummi meist sehr jungen Alters,

530 1077 3502 230 mit d. Blick auf d. zur Linken sich abrollende erha„

539 1238 3440 322 bene Gebirgsszenerie ein großer Genuß. Nach Süden

510 1386 3429 307 hin löste sich die schroffe Kulisse mit der Pagali-Spitze als

466 1563 3467 308 Höhepunkt ziemlich schnell in leicht welliges sehr

554 1726 3248 327 unruhiges u. kahles Hügelgewirr auf, was mich

533 1884 3221 354 enttäuschte, da ich hoffte, wir würden recht in's

475 2069 3489 367 Hochgebirge eindringen. Zelte auf Hrn. Schwarz' Pflan„

517 2237 3328 339 zung am Mlali aufgeschlagen, bei schönstem Blick auf

524 2423 3555 248 die Pagali-Gruppe. Pflanzer ein Italiener, mit dem wir Suaheli

500 2600 1944 251 sprechen mußten. Schlief im Steilhaus.

778 2652 2990 296 9.III: Aufstieg zum Mgeta-Tal, ich auf Hrn. Schwarz'

548 2842 3339 249 Maultier. Ein einziges, verhältnismäßig ödes Tal, aber

576 2986 3400 348 allenthalben Neues, Interessantes. Üb. d. Paß am obern

540 3140 3421 354 Ende dem Mgeta-Tal in die Flanke. Ganz neuer mächtiger

525 3262 3260 418 Gebirgskessel. Kurzer Abstieg gegenüber der Mission. Nach

568 3511 3403 302 vielem Zögern  am rechten Ufer des schäumenden Mgeta

583 3712 3568 314 Zelte errichtet. Wasserrauschen, welche Musik. Alle Hütten (runde Form)

2728 3826 1216 182 auf den Hügelkuppen, nicht im Tal.

738 3914 3350 300 10.III: Nachts u. morgens außerordentlich kalt (1200-

525 4079 3444 256 1400 m. hoch). Heut u. folgenden Tag im Lager geblieben,

567 4236 3447 317 da mein Fuß jeden Wandertrieb dämpfte. Etwas ge„

539 4423 3202 300 malt. Janensch am 11. gegen d. Forststation bundicki

567 4606 3389 302 aufwärts. In weiter Runde kein Baum od. Strauch außer
