4324 5213
3750 204 277 135 127

542 291 3420 235 Daressalaam weiter. Lager wegen des Grases nicht

513 445 3407 305 am Flusse, sondern auf freiem Platze beim Jumben.

466 674 3648 244 Sehr heißer Tag. Einer v. Sattler's Leuten trifft als Führer

520 832 3359 290 zu Fossilfundorten ein. Entschließe mich einen Tag

518 982 3380 325 hier zu bleiben, um inzwischen Janensch's Zelt ohne

544 1176 2686 315 Bahn weitertransportieren zu können.

784 1331 3146 296 Abend: zum Steinbruch am Bahnhof: Gneiß von

481 1570 3572 245 stark gewalztem Aussehen, mit Augeneinschlüssen von Feld„

476 1671 3476 325 spath in Quarz. Muskovitglimmer auf Schieferungsflächen,

470 1899 3647 226 daher im Querbruch kaum erkennbar. Die deutliche Bankung

455 2089 3606 200 erweckt in einiger Entfernung täuschend den Eindruck

449 2246 3661 264 eines Sedimentes. Einfallen fast 45° O. (Bahnhof km. 147,8 od.

473 2427 3471 195 148?) Dann über die Bahnbrücke am Schienenwege entlang.

459 2562 3598 241 Kann am Ostufer nichts von Kristallin sehen, weites Flußtal

452 2757 3489 303 mit sehr hohem, dichtem Gras, recht starke Strömung und

444 2952 2148 294 Wassermenge. Erst bei km. 147,3

2431 2881 847 190 Brauner, lockerer

2544 2999 1522 230 Sandsteine mit Zwischen„

456 3157 3611 282 lagen von Tonen u. groben konglomeratischen Gerölllagen

453 3339 3630 310 aus Kristallin (meist reiner Quarz). Einfallen gegen W (ca 20°)

474 3517 3597 228 also gleichfalls gegen den Fluß (spricht gegen Bornhardt's

475 3729 3359 302 Vermutung eines Absinkens?). Diskordante Parallelstruktur

471 3910 3395 284 (scheint mir gegen?? Landablagerung zu sprechen) Nächster

429 4074 3556 284 Aufschluß km 145 Einfallen O (von jetzt ab gleichbleibend längs

435 4233 3644 291 der ganzen Strecke bis km 118. Vielleicht Anrücken des alten

442 4491 3536 212 Massivs u. Aufstauchen des Sedimentrandes nebst Einplatzen

415 4602 3522 264 des Sattels?) Farbe etwas lichter, grünlich. Bei 143,6 stellen„ !
