4324 5213
3769 211 191 216 63

327 212 3384 180 loch, zu den die Weiber weit aus d. Tale heraufsteigen

337 317 3437 249 müssen, lag in gelblich-grünen Tonen, wie ich sie noch nicht

356 453 3563 238 wieder gesehen habe. Die Weiber u. starken Tättowierungen

360 633 3536 283 u. Schnabellippen, andre jüngere (wie man behauptet noch kin„

386 790 3431 226 derlose) mit dem „Wandonde-Abzeichen“ im linken Nasen„

437 904 3327 342 flügel. Ich bin mir noch nicht klar, ob es wirklich ein

422 1069 3471 257 Stammesabzeichen darstellt (oder darstellte, denn jetzt ma„

409 1169 3682 378 chen es d. Muëra-Frauen nach, weil sie oft ausgelacht werden)

426 1415 3435 302 Nahe am Wege Trümmer eines Saurierskeletts gefunden.

450 1591 3368 325 Höre, daß d. Eingebornen da an d. Knochen d. Sage eines

442 1753 3454 332 früheren Tieres namens Majimwi (mëra: ma'imi, yao:

457 1868 3466 305 mazimwi) knüpfen, die offenbar schon älteren Datums ist

388 2103 1826 317 (mein Boy bestätigt mir, sie

2046 2039 478 128 d. Namen

2161 2012 1861 261 schon vor unsrer Ankunft gehört

468 2210 3524 383 zu haben, während mir d. Akidah jenseits d. Mbenkuru er„

501 2349 3452 407 zählte, niemand habe bisher von den Knochen gewußt),

476 2569 3586 387 Es habe Menschen gefressen, die sehr viel größer gewesen seien.

508 2741 3458 372 Boheti giebt mir auch Auskunft über die Schlangensage, die

478 2915 3561 319 nicht damit zusammenhängt, vielmehr eine Art Sintflut ver„

458 3208 349 212 tritt.

583 3258 3345 340 Auch bei Graben IX finde ich d. knochen- u. belemniten„

446 3426 3531 371 führenden Konglomerate über den Saurierschichten u. denke

447 3616 3530 237 an d. hochliegenden Trigonien-Schichten auf d. Tendaguru u.

441 3804 1601 288 am Wege nach Matapua.

591 3901 3368 340 Abend. mit Dr. Janensch auf Tendaguru zum Vollmondauf„

419 4117 3597 305 gang, ein Schauspiel, das d. Sonnenaufgang eigentlich noch

419 4331 583 227 übertrifft.

634 4476 1426 281 Poscho- u. Lohnzahlung.

621 4697 1881 260 Wieder meine Verdauungsstörung.
