4324 5213
3738 177 296 193 129

502 252 3650 244 etwas müde wurde legte ich mich in d. Schatten eines

500 441 3403 256 Gebüschs u. genoß das in Afrika seltene Vergnügen

506 555 3588 314 aus dem Grase gradwegs in d. Himmel zu schauen.

517 751 3385 298 Die ausgeschickten Sucher kehrten ergebnislos zurück.

783 913 3073 274 Zum Glück brachten die Steinklopfer gute Beute.

532 1100 3344 197 Andre waren mit d. Lasten nach Kitugallo u. zurück

529 1307 3128 223 gegangen. Ein Kisaramo-Instrument namens

530 1445 3534 299 Chingwenjongwenjo klang wie Zitherspiel aus einem

534 1669 3439 255 Hause; ich ließ es mir vorspielen, suchte aber ver„

578 1834 3317 275 geblich selbst einen Ton herauszubringen. Es war

542 1984 3335 300 eine regelrechte einsaitige Streichgeige mit bege als

505 2174 3439 307 Resonnanzboden. Dazu wurde ganz hoch u. seltsam

514 2366 3367 229 in Fistelstimme gesungen. Ich photographierte den

513 2531 3521 229 Barden. Der Stationsbeamte besuchte mich im Zelt auf

470 2720 3614 256 einem Spaziergange. Bornhardt studiert. Abds. kleiner

480 2970 3470 214 Spaziergang zur Dorfhöhe. Das linke Auge eitert ein

497 3137 496 259 wenig.

686 3321 3379 267 14.II. Schickte d. Träger voraus u. ging über Bahnbrücke

433 3586 3621 272 die Strecke noch einmal, u. so das ganze Profil hinauf

446 3726 3377 269 bis nach Kitugallo. Ich fand weder Gesteins= noch

468 3870 3561 329 Lagerungs= noch Einfallsgrenze, die auf Unterschied

437 4060 3434 312 zwischen Karoo u. Jura hindeutete, u. die gestrigen

459 4236 3592 293 Fossilien beweisen, daß der Jura hier bis an d. Gneiß

504 4476 2682 259 tritt. An Einzelheiten fand ich:
