4324 5213
3837 198 124 143 5

399 263 3700 182 31.III. Mombassa auf Insel aus Korallenkalk mit sehr ebener

379 428 3412 231 Oberfläche. Am Strande karstartige Ausfressungen. Am

384 557 3700 279 Kilindani-Ufer grober Sandstein (alte Flußablagerung?),

387 704 3583 319 zu Cement-Sandstein f. d. Quai abgebaut. Wetter

402 889 2331 297 gut, kein Regen, Wärme erträglich

434 1004 3516 302 1.IV.09: Tanga. Korallenkalke. Die Insel im Kriek aus

424 1272 3721 300 horizontal geschichtetem gelblichem bis rötlichem (?)Sandstein

386 1412 3545 307 Usambara-Geb. anscheinend schroff aus dem Vorland

476 1662 758 190 ansteigend.

383 1796 3652 267 2.IV.09: Zanzibar: Sehr flache Insel, kaum Erhebungen. Festlandsküste sicht„

418 1980 3477 287 bar. Dar-es-Salaam: Sehr schmale, flache, sandige Einfahrt,

411 2155 2850 278 unverhältnismäßig große, gut geschützte Bucht.

383 2409 3561 243 3.IV. morg. Regenbogen an ganz heiterem, nicht dunstigem

450 2499 1532 263 Himmel ca. 20-30 Min.

468 2567 3488 328 Einweihung d. Wissmann-Denkmals bei schönem Wetter.

411 2779 2148 267 Besuch beim Gouverneur v. Rechenberg.

418 2879 3606 285 4.IV. Vorm. Abfahrt nach Zanzibar, an gegen 5 Uhr. Spaziergang durch

373 3063 1992 297 die meist schon dunklen Straßen.

415 3183 3369 255 5.IV. Fahrt nach Bagamoyo. Keine Bucht, flacher Strand,

394 3295 3683 369 seichtes Wasser. Dennoch einst wichtigster Karawanen-Endpunkt

467 3516 3221 242 f. Handel nach Zanzibar. Wird künstlich zugunsten von

375 3600 3473 273 Dar es Salaam vernachlässigt. Einbaum mit Auslegern

386 3759 2127 287 längsseits. Schwierige Ausfahrt.

428 3898 3440 274 6.IV. Vorm. Kilwa-Kirindje, wie Bagamoyo, aber

403 4025 3591 354 Ankerplatz etwas näher am Lande, gleich hinter dem

389 4255 1697 250 Ort ansteigendes Hügelland,

1663 4172 943 141 rechts oben rötliche Farbe

2036 4161 1819 236 Von hier ab etwas höhere

379 4285 3663 322 Küste bis Lindi. An gegen 6h abds. bei prächtigem Abendhim„

394 4404 3489 341 mel. „Feldmarschall“ ging auf Veranlassung des Ver„

387 4559 3305 302 treters der D. O. A. G. Herrn Voertmann als erster
