4324 5213
3635 163 276 133 159

451 227 3506 183 aber wurde es bald dunkel u. schließlich waren wir von

465 390 3582 187 absolutester mondloser Finsternis umgeben, aber Raub„

497 483 3650 252 zeug hier wohl kaum zu befürchten. Armselige Streichhölzchen

506 637 3506 251 blendeten mehr als daß sie leuchteten u. wir tasteten

522 773 3470 271 den Weg aus. Nur langsam ging es weiter. In Amani

499 949 3448 247 verteilten sich einzelne Lichter über den für uns noch

503 1071 3605 282 gänzlich formlosen Raum. Eine fröhliche Gesellschaft begegnete

489 1197 3347 289 uns u. der uns von Mrogoro her bereits bekannte

483 1403 3623 179 Oberstleutnant Bock u. Wülfingen machte uns im Dunkeln

516 1509 3514 286 mit dem - gleichfalls formlosen, höchst natürlichen u. sympa„

515 1674 3466 229 thischen Prof. Zimmermann bekannt. Im Fremden„

571 1854 2829 270 haus äußerst billige u. behagliche Unterkunft.

770 1990 3259 250 29 März: Unser Beider Mütter Geburtstag. Könnte ich

576 2163 3538 175 Mama hierherzaubern! Ausflug mit Hausgenossen auf den

555 2288 3421 217 Bomole, der treffliche Rundsicht gewährt. Wie ein deutscher

555 2433 3366 242 Aussichtspunkt. Wir konnten uns in's Gras strecken u. d.

543 2597 3524 268 Gebirgsluft trinken. In der Bibliothek, auch das ein unge„

562 2800 3519 219 wohnter echter Genuß. Baumann „Usambara“ gelesen u. bestaunt.

830 2971 3204 176 Wir ließen uns 8 Tage Zeit, zu Haus ein Sommerauf„

575 3076 3185 221 enthalt, hier wie der Tag, der gestern vergangen ist. Die

583 3295 3416 214 herrlichen Wege in dem unvergleichlichen Park genossen, auch

511 3418 3465 208 bei Regen, der in dieser Vegetation besonders stimmungs„

572 3589 3532 179 voll sein kann. Wunderte mich  über die Lianen, die weite

561 3745 3487 268 Bogen spannten, sich auf u. nieder senkten u. dgl., was fertig

555 3837 3247 305 ganz natürlich aussieht, aber die Entstehung mir nicht ganz

542 4027 3267 255 klar geworden, da sie in sich allein keinen Halt haben.

561 4136 3156 289 Gemalt, gelesen, geplaudert. Eines Nachmittags u. Abends auf

546 4363 629 189 Tschenzema

727 4305 484 135 Derema

1131 4333 2933 260 , dessen Leiter Janensch bekannt. Ein bewunderns„

549 4505 3308 214 werter Heimkünstler u. ein prächtiges Plätzchen mit Blick

574 4640 3443 245 auf's ferne Meer. Mitternacht bei Mondschein u. Gewitter zurück, aber

565 4782 3364 227 noch Lärm auf d. Kegelbahn. Ein lustiges Leben. Botanisch auch hier nicht

3264 4887 628 123 viel gelernt.
