4324 5213
3680 94 281 196 155

432 227 3584 207 17.III. Rückfahrt nach Mikesse, Jan. bleibt in Mrogoro,

466 354 3423 277 wo Sattler, der Fieber hat, an der Bahn. Längs

444 535 3644 235 der Bahn viel Mandelkrähen, die nicht das ganze

527 683 3536 322 Jahr sichtbar sein sollen. Sehr viel Raubvögel im

469 861 1145 308 ganzen Lande.

514 1056 3584 214 18.III. Im Lager. Vorbereitungen zur Abreise. Gelesen. Janensch

642 1220 643 275 trifft ein.

516 1331 3620 313 19.III. Mit d. Bahn bis Kisserawe. Unterwegs starke Grasbrände,

554 1522 3570 249 während im S. Regenzeit. Rauch schlug in d. Coupé's, Flam„

557 1674 3343 250 men dicht am Fenster. Sehr heiß u. stille Luft. Auf

540 1846 2379 179 den Stationen ermüdend. Kisserawe

2624 1789 567 162 Haltestelle

2876 1849 1112 223 ohne Gebäude im

576 2033 3450 198 Tal des bei Daressalaam mündenden Simbasi(?). Ganz

552 2133 3509 265 thüringer Charakter. Nur unten am Fluß, wo wir neben

553 2306 3557 257 der Brücke d. Zelte aufschlugen, Lianengewirr u. jenseits

563 2419 3509 291 dichter Busch. Durch ihn führte ein prächtiger laubengang„

552 2640 3513 283 ähnlicher ausgehauener Weg in der üppigsten Vegetation

541 2773 2484 268 ein Nebental aufwärts zur Mission.

639 2919 3434 311 20.III. Janensch n. Westen, ich an d. Bahn entlang durch den

512 3073 3575 274 Pugu-Tunnel bis Pugu. Der Eindruck der Saurierschichten

509 3217 3594 274 noch verstärkt, aber weder Knochen noch Versteinerun„

512 3369 3554 312 gen. Schöne Täler. Von Pugu auf anderm Wege nach dem

509 3555 3571 249 Dorf Kisserawe zum Akiden. Ständig durch aller dichtesten

542 3721 3479 279 Busch, wie ich ihn in solcher Ausdehnung u. Undurchdring„

538 3852 3396 332 lichkeit noch nicht gesehen habe. Etwas Regen. D. Akide,

577 4025 3376 300 ein Araber, bot mir Kaffee an, den ich aber ausschlug.

563 4181 3494 311 Er begleitete mich zur Mission. Die „bibi“ des Missionars

565 4318 3470 323 hielt ich für eine Schwester, wie am Mgeta, fand aber

583 4558 3224 205 zu meiner Freude ein evangelisches Ehepaar mit

545 4723 3256 238 Söhnchen, freundliche Leute, die Janensch u. mich zum
