4324 5214
294 248 239 204 138

646 290 3163 298 Gestein viel härter, Steinkerne allein oft unkenntlich.

621 480 3445 250 Die Muschelbank ging stellenweis auch in die überliegende

619 666 449 267 hellere

812 777 636 183 dünnplattige

1021 601 2863 293 Schicht hinein, die ich sonst für jünger gehalten

646 820 3336 257 hätte. In den Schotterhaufen mehrere recht gute u. wert„

608 946 3330 284 volle Stücke, unter anderm Seeigel, aber nicht eine

626 1139 3045 312 Spur von Ammoniten. Minimales Einfallen, ONO.

720 1321 3291 268 Ähnlichkeit auch mit d. Schicht am Kisongo, wo kleine Anhöhe

634 1458 3220 261 bildend. Verwitterungsschicht dünne Letten mit Kalk„

628 1712 3135 234 brocken u. einigen zerstückelten Bänken, darin Pinna.

622 1825 2518 283 Das Ganze in wildestem Grase versteckt.

850 2003 3081 318 Zur Haltestelle, hier Janensch's Ankunft aus Daressa-

648 2148 3293 328 laam erwartet, in seinem hier aufgeschlagenen Zelte

619 2324 3180 310 Mittagessen, gegen Abend in's Lager bei Vissima

638 2503 3132 249 saba übergesiedelt. Unerhörtes Wetterleuchten im SO.

662 2672 3370 298 Nachts ½12 gewaltiger Sturm, Regenguß, Gewitter, Zelte

656 2840 2514 303 in Gefahr, mußten neu befestigt werden.

884 3074 3081 285 19.II. Mein Fuß zu freudigem Überraschen heut recht gut,

698 3248 3270 324 daher sehr schöner Marsch auf meist gutem Wege u. durch

721 3379 3285 292 schöne Wälder u. Grasebene mit lichtem Baumbestand. Im

704 3595 1687 325 Gegensatz zu all den letzten

2244 3520 473 175 schmählich

2345 3548 1634 288 heißen Tagen frisch u. ange„

718 3732 3334 334 nehm. Gegen 11 beim Karani Bombwe in Tambazi Lager

726 3911 3272 268 bezogen (Jumbe Bata in Konga blieb links von unsrer Route)

731 4061 3344 330 Gegen Schluß die sandigen, braunen Letten u. einige harte

760 4249 3255 245 Bänke sichtbar. Dunstig, aber Blick auf das Gebirge mit

725 4409 3268 327 schönem Vordergrunde des grünenden Ngerengere??-Tales.

720 4576 3190 286 u. seiner reichen Pflanzungen (die mir ungewöhnlich

747 4740 2990 281 gut gehalten schienen) Auch wenige Mango-Bäumen u.
