4324 5213
351 197 118 189 8

397 191 3564 274 mit Tongesteinen gleicher Farbe fortwährend zu wechseln

396 374 3249 245 oder zu solchen zu verwittern. Wegen starker

368 513 3035 252 Löwengefahr Gewehre geladen u. Falle gestellt.

530 651 3388 304 14.IV. ¾6-¾11 Marsch auf d. fast ebenen Noto-Plateau bis

396 866 3614 300 zum Yumbens (4. Lager). Auf d. Wege sehr viel Spuren, darunter

417 1029 3581 277 Leopard u. kl. Wildkatzen, sonst Antilopen. Kurz vor d. Jumben

398 1138 3475 373 stärkerer Anstieg. Nachm. Schießübungen nach Flaschen. Ring„

429 1337 3474 290 kämpfe d. Schwarzen. D. Leute essen nur einmal am Tage

424 1478 3627 268 ordentlich Mtama, sind in d. Mehrzahl stets vergnügt, singen

409 1622 3594 269 unterwegs u. gehen mit d. schweren Lasten (auf Schulter

379 1789 2957 348 od. Kopf) so schnell wie wir. Abends kühl.

432 1953 3640 281 15.IV. Abstieg vom Noto. Schöner Blick auf d. Binnenland. Deutscher

411 2130 3538 263 Mittelgebirgscharakter. Vegetation für geolog. Beobachtungen

418 2316 3519 284 zu stark, Abweichen vom Wege kaum möglich. Fünftes

405 2446 3322 294 Lager um 9h vorm. im Dorf kwa Kumihu. Die groben

427 2590 3541 307 Konglomerate schienen sich aus d. Landschaft herauszuheben

404 2742 3527 272 u. außerdem die allerwärts verbreiteten Gerölle von

405 2896 2670 325 Quarz u. kristallinem Material zu liefern.

500 2976 3550 404 16.IV. Marsch zum Tendaguru ½7-10¼. Viel Dickicht, Bambus-

429 3173 3508 380 gestrüpp u. rechten Urwald, sehr interessant, aber f. Träger

414 3412 3527 233 unbequemer als d. parkähnliche Barra-Barra auf dem

408 3508 3523 335 Noto. ¼ Std. vom Lager Korallen am Wege, gleich

431 3672 3380 305 darauf guter, wichtiger Aufschluß am Matarawe-Bach: Oolith

459 3828 3600 307 unterlagert von dunklem Ton (Grundwasserspiegel? klares Wasser)

463 4033 3520 271 Streckenweis durch das Wasser des Mtshingiri, kurz vorher

453 4235 3594 229 molluskenreicher Kalk (Trigonien-Schicht?) ¼ Std. vor d. Lager„

461 4346 3459 326 platz erste Saurierknochen am Wege , 1 Std. vorher

466 4495 3495 279 Abstieg mit prächtigem Blick auf d. Inselberg Tendaguru u. d.

439 4714 1605 255 Höhen von Namwiranye.
