4324 5213
396 242 149 187 74

484 283 3506 277 ein ganz herrlicher Aussichtspunkt. Die Inselberge wurden

443 428 3564 191 rasch skizziert, dann war noch ein Stück bis zur höchsten

430 599 3372 268 Plateauhöhe zurückzulegen, zu der ein schmaler Pfad

452 675 3438 331 führte (der breite Weg stieg jenseits nach Tshiliamanda

476 917 3222 242 hinab). Ein. Mann, den ich auf d. Wege traf, gab

484 1033 3475 255 mir Auskünfte auf meine Fragen. Jetzt wollte ich gern

515 1181 3450 283 noch jenseits nach S. hinuntersehen, wenn d. Plateau

548 1380 3383 210 nicht zu breit war. Ich wurde eine halbe Std. weit

519 1455 3163 303 quer in's Plateau hineingeführt, kam zu meinem

518 1615 3299 292 Erstaunen in ein großes Dorf, dessen Bewohner nur

548 1747 3493 287 Bohnen u. Mhogo pflanzen können u. d. Wasser weit

561 1965 3291 245 her holen müssen, während drunten in d. Tiefe so

554 2098 3286 304 mancher fruchtbare Fleck brach lag. Ich trat an den

571 2266 3147 276 ganz freien, ziemlich steilen Abhang, an dem das

556 2429 3178 298 Dorf prächtig in d. Welt hinaus lugt, er öffnete

532 2543 3394 311 sich nach W O. wieder in's Gneißland; der Plateaurand

539 2737 3175 311 hatte sich in weitem Bogen hier herum gezogen. Ich

557 2892 3274 319 erfuhr noch manchen Namen, sah, was d. Orographie von

561 3019 3345 261 unten schon ahnen ließ, daß hier keine harten Makonde-

511 3217 3439 225 Schichten wie am Namyura anstehen, sondern sandige Hänge

505 3315 3382 275 von lichter Farbe ( ein auch d. Eingebornen bekannter

503 3487 3282 267 Unterschied: dort mawe, hier changa) u. scherzte mit

506 3647 3303 274 d. Leuten, deren Kinder ängstlich geflüchtet waren.

468 3809 3332 251 D. Karani entschuldigte sich, daß er nichts hatte vorbereiten

462 3984 3250 236 können, da ich mein Kommen nicht gemeldet

464 4107 3240 289 hatte. Doch brachte mir Einer beim Abstiege noch Eier

406 4317 3467 226 nach. Kaum 2 Std. brauchte ich bis zum Lager, wo ich nach

442 4436 3195 188 ½1 wieder eintraf. J. hatte vergeblich auf Barappi's

477 4636 3551 211 geschossen u. war um diese prächtige Tour gekommen; seine
