4324 5213
3785 155 159 160 57

263 229 3809 227 scheinend ganz aus Geröllen vorzufinden. Kein Wild, nach

280 339 3724 263 den spärlichen Spuren zu urteilen ist hier noch we„

320 491 3490 301 niger zu erwarten als oben bei uns, vielleicht

322 637 3722 312 wegen größeren Wassermangels. Morgens neblig u.

277 801 3794 267 kalt. Gegen 12 zurück, unterwegs hübsche Fossilien beim

294 1081 516 248 Anstieg.

510 1099 3585 300 Nachm. wurde eine ganze Herde Barappi's in großer

329 1311 3679 305 Nähe gemeldet. Wir machten uns alsbald an d. Ver„

330 1528 3577 337 folgung. Janensch, der sie zuerst traf, kam 2mal

384 1679 3492 319 zum Schuß, verfehlte aber. Ich sah nur eins u. war

337 1818 3716 317 von d. Größe dieser Tiere nicht wenig überrascht.

332 2015 3734 250 Alles fernere Suchen umsonst, wir kehrten auch heut

360 2192 2061 278 mit leeren Händen zurück.

482 2336 3440 246 16. Aug. morgens wiederum um 5 aufgebrochen,

386 2504 3444 284 fand auch bald in d. ehemaligen Schamben eine

371 2655 3554 335 frische Barappi-Spur, suchte aber die ganze Gegend

371 2795 3692 299 vergeblich ab u. verfehlte ein Ngorombwe gleichfalls.

508 2977 3271 316 17. Aug: Eine von Janensch's Boy aufgefundene

364 3186 3473 300 Knochenstelle in dichtem Pori östlich des Tendaguru

385 3362 3621 250 in Angriff genommen. Sie ist besonders interessant

382 3535 3640 315 wegen des groben Konglomerats, in das sie ein„

421 3688 3448 307 gebettet ist u. das wir nicht ohne weiteres als

428 3870 3541 288 gleichen Horizont anerkennen können; übrigens

442 4016 3337 250 marin, wie ein Belemnit zu beweisen scheint.

446 4168 3528 304 Erhaltungszustand merkwürdig gut, wohl abermals

434 4352 3579 247 eine neue Form, mindestens die 4te Gattung bis„

442 4586 3626 216 her. Wir erbeuteten heut ohne Mühe etwa 8 Beinknochen

417 4663 3391 299 u. verschiedene Wirbel. Auch d. andern Stellen, wo
