4324 5213
3691 173 288 138 139

526 206 3462 318 Bananen, aber in all der tropischen Vegetation u. trotz

556 463 3498 228 eifriger Feldarbeit ein erschreckender Nahrungsmangel.

520 621 3521 248 Alles vertrocknet u. das scheint die Regel zu sein. Es

528 747 3245 258 wurde allenthalben geklagt, freilich glaubte ich nicht

558 920 2358 292 immer. Abends Gewitter, Regen.

766 1166 3305 252 Sonntag d. 20.II: Marsch durch prachtvollen Wald zum

538 1364 3472 292 Jumben Dimiri, da noch sehr früh, weiter marschiert.

582 1508 3213 262 Ziemlich großer, angeblich schlangenfressender Vogel mit

525 1693 2509 283 Schopf auf Bäumen sitzend (nicht Sekretär!)

737 1906 2971 260 Am Morgen die braunen Letten als Griffelschiefer,

551 2120 3344 217 darüber (?) bröckelige, weiße Kalke, an einem Bachriß

597 2218 3334 230 Tone angeschnitten (tief), am Wege auch feste Sandsteine in

595 2372 3177 256 Blöcken. Nach 1 Std. Marsch großschalige Muscheln wie

518 2600 3448 204 km. 121,7-8. Hinter Jumbe Dimiri (Nachfolger v. Kibendela)

565 2768 3465 233 Fossilien, aber schlecht, ein Sandstein mit ziemlich großen

555 2941 3545 218 Geröllen darin, am Westabhange des Lutari (bezw. Weg durch

598 3081 3325 220 denselben; bei Bornhardt Utari) auch die langen turm„

564 3275 3326 214 förmigen Schnecken wieder. Köstlicher Lagerplatz

531 3404 3326 290 in Nghesse an der Übergangsstelle der alten Barrabarra

519 3594 3488 282 Daressalaam-Mrogoro (jetzt Telegraphenlinie) über den

519 3745 3352 311 Ngerengere. Schöne große Bäume, deren Laub jedoch bei

537 3938 3238 298 jedem Windstoß fiel. Fluß 3-10 m. breit u. kaum

515 4164 3465 248 knietief, doch ziemlich heftig strömend; zur Regenzeit

524 4305 3522 219 soll er die hohen Steilufer überfluten u. in d. Tat ist ein

499 4476 3369 236 kleineres u. ein größeres Bett erkennbar (dann nur

515 4649 3420 319 Übersetzen im Boot möglich, da Brücke natürlich zerfallen)
