4324 5214
3710 218 170 130 65

375 208 1992 271 Beckenknochen ist bereits freigelegt.

531 438 3356 192 4. Sept. Schoß morgens eine Zibethkatze in d. Falle an d.

452 611 3535 186 neuen Quelle, ging dann weiter flußabwärts u. fand

439 691 3504 205 mich zu meinem Erstaunen in kürzester Zeit an der

440 919 3605 164 Barrabarra, ich weiß nicht auf welchem Wege. Wieder

440 1029 3516 219 zum „Mtapaiasaurus“. Vielfach Land-(West-) u. Nordwind,

441 1200 3453 223 nachm. etwas Regen. Gegen Abend mit Janensch auf

447 1374 3579 186 d. Wege zum Karani Ligoma, um ihm meinen neuen

459 1525 1664 247 Knochenfund zu zeigen.

626 1697 3507 250 Sonntag d. 5 Sept: Bedeckt, wollte im Bache etwas „klopfen“,

437 1871 3400 232 wurde aber durch Regen vertrieben. D. ganzen Tag

436 2011 2492 287 regnerisch. Gemalt, Briefe geschrieben.

762 2201 3311 268 6 Sept. Nachm. Jagdausflug ohne etwas zu erblicken.

485 2493 3552 193 In Graben VIII sind mehrere ungeheure Rippenköpfe zum

522 2665 3558 244 Vorschein gekommen, die auch an der Rippennatur des

491 2815 3441 204 2 m. langen, vermeintlichen Os pubis keinen Zweifel

500 2997 3609 193 lassen. Auf d. Rückweg von Mtapaia wurde ich in einem

494 3148 3575 218 Gespräch zwischen Jesus u. Pilatus durch eine Affenschar

476 3327 3526 242 gestört, wollte sie zeichnen, doch sie saßen nicht still,

494 3441 3574 221 wollte schießen, traf aber nicht u. verlor sie im Gestrüpp.

528 3651 3503 261 7. Sept. Morgens ein Wildschwein geschossen, die Antilo„

504 3794 3451 261 pen sehen besser, sind daher sehr schwer anzuschleichen.

494 3923 3411 295 Zu den Rippen in Graben VIII findet sich auch die

472 4083 2477 294 Rumpfwirbelsäule. Briefe geschrieben.

597 4272 3510 317 8 Sept. In der Falle ein Leopard, den wir mit 3 Schüssen

473 4470 3560 169 erlegten, also schon ein kleiner „Fortschritt“. Im Graben III

472 4618 3428 185 gezeichnet u. abgehoben. 3 Beinknochen, 2 Rippen u. im

467 4733 3454 244 Graben VIll ein ungeheurer Halswirbel (?) kommen zum
