4324 5213
3672 214 279 147 121

523 223 3207 239 20.I. Vorm. gemalt. Es läuft ein Dampfer der

441 388 3436 293 D. O. A. G. ein, der aber nicht nach Norden zurückgeht.

590 598 3165 233 21.I: Unter vielen Novellen, die ich in dieser

475 729 3419 339 faulen Zeit lese, gefallen mir heut ausnehmend

479 876 3593 301 ein paar kleine Bauerngeschichten des mir unbekannten

487 1064 3514 356 V. Fleischer. Form d. Erzählung künstlerisch, Stil lebendig,

551 1283 1477 364 Zeichnung klar u. schön.

668 1404 3384 352 22: Vorm: gemalt. Nachm. u. Abds. Schach mit Janensch;

484 1636 3637 355 spiele jetzt fast stets ohne Erfolg u. verliere auch günstige

559 1823 3415 333 Stellungen zu meinem Ärger. Partieen meist sehr

484 1983 3482 373 interessant, aber - Janensch's Langsamkeit im Ent„

475 2171 3309 347 schließen, herrjemineh! Und ich vertrage etwas im

481 2359 2769 340 Schach. Abends: mehrfach Gewitter.

681 2486 3396 402 Sonntag d. 23. Januar: Regen während d. ganzen

429 2752 3395 340 Nacht und bis zum Mittag, so daß ich vom Hotel

428 2886 2937 377 bis zur Usagara. Safaristiefel trage. Briefe.

689 3150 3161 326 Abds. Mit Janensch u. d. Hrn. vom Zoll bei Dr. Wolff

520 3345 3494 299 u. Frau eingeladen. Leider keine Veranda, aber weit offene

513 3579 3283 279 Fenster auf die herrlich im Mondschein liegende Bucht.

770 3772 3201 277 24.I. Mein Bild (Negerhütten unter Palmen) fertig gestellt.

563 3919 3466 326 Abd. Mit Janensch u. d. beiden Offizieren beim Bezirksamt„

571 4138 3355 305 mann eingeladen. Meine Hochachtung für ihn ist so groß

556 4297 3306 334 wie meine Liebe zu seiner Riesenveranda. Leider d.

528 4483 3364 339 Mond heut durch Wolken verdeckt. Etwas Regen, nach 12

538 4728 589 264 zu Haus.
