4324 5213
3793 180 174 169 59

384 243 3579 257 hervorheben können. Schachpartie mit Janensch aus d. Zeitung.

499 419 3558 196 23. Aug: Vorm. in den alten Schamben ein Mbawala geschossen.

364 547 3711 297 Die Kugel ging auf beiden Seiten durch's Blatt u. damit sprang

384 696 2894 321 das Tier noch 30-40 m., ehe es zusammenbrach.

654 920 1066 242 Briefe geschrieben.

464 945 3549 365 24 Aug. Mit Boy den Quellfluß (Kipande) abwärts gegangen, bis

444 1184 3417 292 in's Tal. Interessante geogr. Stufen im Zusammenhang mit

424 1326 3540 336 geolog. Aufbau (Verwerfungen, drei Stufen). Gute Fossilfunde.

453 1484 3256 297 Unten löst sich das Flußbett plötzlich auf u. geht in ein

423 1692 1273 287 weites, flaches Talbett

1508 1663 341 103 becken

1643 1587 2175 296 über, das allenthalben gleichmäßig

439 1747 3623 333 bewachsen u. m. Bäumen bestanden ist. Zum Glück war hier Feuer

458 1934 3536 364 hineingedrungen. Ich sah eine Schar kleiner Nager mit schwarz u.

466 2113 3676 312 gelblich geringeltem Leib, sowie drei Warzenschweine in einem

462 2203 3683 359 Volk Schopfperlhühner. Am Fuße des Plateau-Abhangs hin über

421 2428 3675 286 mehrere geröllbedeckte, aber wohl sämtlich aus Saurierschichten

450 2556 3627 348 aufgebaute Hügelzüge (Ausläufer) zur Barrabarra u. zum Lager

462 2863 388 249 zurück.

584 2858 3411 319 Weber's „Demokrit“ begonnen, sagt mir wenig zu. Ein sehr

447 3034 3633 389 gehaltreiches Konglomerat von Anekdoten, aber manches Häßliche

434 3185 3597 313 u. im Grunde nicht eben tiefe Flächenarbeit ohne Kunstgefühl.

533 3355 2540 220 Allein auf d. Tendaguru z. Sonnenuntergang.

639 3392 3272 326 25. Aug: Den Weg zur Barrabarra hinab u. an dieser

467 3506 3514 374 entlang zu den Arbeitsplätzen. Ich füge diese Streifen jetzt

478 3714 3512 309 in d. Morgenstunden ohne Verlust der übrigen Arbeit ein,

496 3925 3607 236 um endlich m. d. geol. Aufnahme zu beginnen. Wir haben

464 3986 3509 369 noch immer keinen Einblick in d. Aufbau. Und dabei

480 4219 3389 382 giebt es Fossilien in Hülle u. Fülle. Glaube jetzt die

498 4391 3493 337 3 Stufen u. Verwerfungsrichtung SSO-NNW zu erkennen

491 4601 3597 356 u. habe auch sonst Verbindungen gefunden. Profile entworfen.
