4324 5214
3745 133 267 206 119

476 261 3607 166 Wir dachten Dienstag mit dem Gouvernementsdam„

519 370 3581 310 pfer zu fahren, hören aber daß d. Schiff sehr klein ist

477 560 3639 273 und daß etwa 70 Kisten für uns fertig geworden sind.

480 709 3456 319 Mir eine große Freude, denn es ist mir sehr unsym„

494 861 3264 350 pathisch nicht alles sofort nach Haus schicken zu

459 1086 3545 290 können u. über 200 Lasten Knochen - meines Er„

491 1306 3259 260 achtens nicht hinreichend geschützt - am Tendaguru

523 1426 3416 331 zurückgelassen zu haben. Wir sind ja was d. Regen

492 1597 3572 337 anlangt, grade noch zu rechter Zeit dort fortgekom„

509 1815 3402 343 men. Wäre ich aber allein, ich wäre noch oben ge„

497 2061 544 220 blieben!

565 2191 3351 322 10-15. Januar: Knochenlasten verpackt mit Pausen u.

551 2391 3280 287 Ruhetag, die durch Regen u. Grasschneiden bedingt

552 2555 3248 323 waren. 15.I. Spaziergang durch d. ganzen Ort.

623 2703 3319 291 Nachm. m. Janensch Besuche gemacht, eine zu törichte

578 2949 3252 263 Sitte, die man nicht auch noch hierher verpflanzen

580 3143 3153 242 sollte. Ich allein hätte auch garnicht dran gedacht.

1094 3247 2507 149 Sehr viel Gewitter, einmal mit eigentümlichem Donner.

651 3289 3021 360 Sonntag d. 16. Januar: Vorm. Schach. m. Janensch.

721 3522 2981 350 Nachm. Wir beide auf kleiner Dhau in d. Bucht

542 3688 3482 324 gesegelt, kamen aber gegen d. auflaufende Wasser

557 3859 3456 295 nicht vom Fleck u. blieben schließlich bei völliger

575 4083 3475 213 Windstille ganz liegen. Gingen an's jenseitige Ufer,

561 4212 3458 362 das außer zoolog. u. fossilen Funden prächtige Bilder

565 4382 3402 332 bot. Unter Anderm Pflanzenreste anscheinend nicht

580 4603 1260 267 zu jungen Datums.

779 4690 3131 267 Abend: Mit M Wendt, Marks, Hrn. u. Frau Behmer bei
