4324 5213
3860 205 174 169 29

344 258 3566 197 sehr verständigen Menschen, unter seltsamen Gebärden

370 329 3442 227 seine Handschellen in der Luft schwingen zu sehen.

401 474 3555 313 Ein Kommers bei Lichte besehen ist gewiß nicht der Höhe„

405 632 3517 302 punkt von Kultur, aber gegen diesen Stumpfsinn ist er

387 823 1170 193 ein Waisenknabe.

589 918 3415 290 Mit Dr. J. südl. d. Tendaguru (ca 1 Std.) neuen Knochen„

416 1082 3383 261 fund besichtigt. Die Saurierschicht steht dort in einem

380 1237 3361 278 Wasserriß (Tikutikuti) erheblich tiefer an, anscheinend

408 1434 3415 213 durch Verwerfung in niedrigeres Niveau gelegt. Sehr

421 1607 3676 181 interessante Funde, d. Knochen ragen mitten aus einer

422 1713 1967 279 angeschnittenen Wand hervor.

623 1843 1341 307 Nachm. u. Abd. Schach.

508 2099 3525 192 7. MaiJuni Vorm. Einige wichtigere Knochen aus d. Gräben

396 2237 3728 247 im Magazin geborgen. Nachm. an d. Quelle. Abds. Sonnen„

396 2415 2360 244 untergang auf d. Tendaguru. Schach.

469 2519 3543 332 8. Juni: Abends mit Dr. J. zur Barrabarra, nördl. d. Tendaguru.

438 2702 3640 373 9. Juni: Vorm. m. Sefu auf Taubenjagd. Jetzt schwer anzukommen,

452 2872 3609 269 da d. Tiere auf ganz entlaubten Bäumen frei im Rundblick haben.

2524 2996 959 211 Abend. Tendaguru.

400 3200 496 244 10. Juni:

809 3069 1661 190 Vorm. Mbawalla-Schädel gezeichnet

846 3132 3134 301 Nachm. Dr. J. photographiert Skelett A. Abend am Westfuß d.

448 3314 3520 308 Tendaguru nach Sonnenuntergang. Bewölkung, einzelne Tropfen.

369 3453 3606 371 11. Juni: Knochen geborgen. Endlich Träger aus Lindi, aber

459 3588 3644 343 noch immer nicht d. Post, die am 5 in Lindi eintreffen

426 3771 2532 341 sollte; Dampfer hat 4-5 Tage Verspätung

377 3911 3424 405 12 Juni: Mittags zum ersten Mal in Afrika vollständig

418 4050 3511 331 bedeckten Himmel beobachtet. Sehr angenehme Tem„

395 4183 3091 449 peratur für einen Ausflug, leider Posho-Tag.

490 4430 3253 317 Abend Schach-Partie m. Dr. Janensch, nicht beendet.

328 4666 3336 325 Sonntag: 13 MaiJuni Vorm. auf d. Tendaguru gemalt.
