4324 5213
272 191 173 213 68

407 184 3491 315 Mangel an Rührigkeit zeugt. Meine Begleiter hörten wieder

480 315 3394 304 3mal einen Löwen brüllen, der sich jenseits des Mbenkuru

505 427 3445 362 herumtreiben u. gestern einen Menschen geschlagen haben soll.

527 631 3458 286 Ich vernahm nicht das Geringste wie gewöhnlich. Man ver„

526 733 3472 314 wies uns zur Jagd in die Ebene hinab u. in d. Tat hielt

523 911 3248 357 sich am Abhange selbst offenbar viel Wild auf, in der

507 1049 3413 324 freien Fläche, die ich schon längst einmal hatte betreten

512 1170 3465 333 wollen, war nur eine Eule in einem Baume zu sehen.

541 1334 3279 322 Schoß ein Warzenschwein u. kehrte über die Quelle am

506 1521 1758 343 Fuße des Tendaguru zurück.

857 1622 2960 309 Am Aquarell weiter gemalt. Mit Janensch das von

561 1736 3357 392 den Wangoni's gut herausgearbeitete mächtige Skelett be„

563 1938 3410 351 sichtigt, das bisher gegen 10 Rumpfwirbel nebst ungeheu„

552 2082 3318 308 erlichen Rippen, sowie 4 sehr abenteuerliche u. wert„

614 2265 1677 278 volle Halswirbel aufweist

805 2445 3123 257 20. Sept. Vorm. Beckenknochen verschiedener Gräben ge„

619 2627 1998 265 zeichnet. Einige Regenfälle

977 2701 2888 240 Abds. auf d. Tendaguru. Janensch glaubte einmal

456 2876 1847 252 Wetterleuchten wahrzunehmen.

850 2971 3014 301 21 Sept. Wieder mit Ali auf Suche nach dem Lilaj

504 3165 3427 265 ausgegangen, wieder ohne Erfolg, doch bestätigt sich nach

498 3285 3418 303 den Spuren zu urteilen der Reichtum dieses Reviers

497 3431 3262 286 an Barappi's u. anderm Wild. Schoß 2 Tauben. Die

514 3577 2803 358 Arbeitsplätze am Wege nach Mtapaia besichtigt.

717 3734 2982 298 Nachm. mit Janensch den Knochenfund im nahen

526 3906 3394 299 Kitukituki-Bache besucht. Janensch's Annahme, daß wir

564 4120 3424 222 es nicht mit Verwerfungen, sondern mit einem mehr„

540 4217 3462 293 fachen Wechsel von Konglomeraten, Sandsteinen u. typischen

556 4376 3329 306 Saurierschichten zu tun haben, gewinnt an Wahrscheinlich„

549 4538 3283 305 keit. Mir selbst ist es ungeheuer sympathisch zu sehen,
