4324 5213
327 195 598 376 162
434 231 3919 525 12. April: Mit Hrn. v. Leckow, der gestern in kleinem, aber
409 384 3888 662 breitem zweirädrigen Wagen eingetroffen, nach Tanga auf„
452 557 3918 875 gebrochen. Bötzow stellte uns Tragstühle, die mir wenig
460 705 3788 1029 behagten, die ich aber bei meinem Zustande meist
447 862 3912 1167 benutzen mußte. Zu Abend u. Nacht gingen wir von
459 1002 3741 1325 Leckow verleitet, nach hiesigem Brauch einfach auf
452 1159 3941 1513 eine Europäer-Pflanzung Buiti am Ostfuß des Gebirges,
468 1385 3693 1604 wo ich mich wenig behaglich fühlte. O diese erbärmlichen
466 1529 3891 1834 Hütten mancher Pflanzer. Sie leben wahrlich nicht in
450 1726 3794 1963 Saus u. Braus. Den armen Leuten hatte außerdem
464 1852 3943 2170 starker Windbruch Schaden getan. Auffälligerweise wa„
438 2033 3972 2321 ren die Gummibäume sämtlich dicht unter der Krone
484 2225 3936 2456 abgebrochen u. die kahlen Stämme boten ein jäm„
496 2328 3917 2677 merliches Bild. In afrikanischer Gastfreiheit aufgenom„
504 2611 896 2826 men.
572 2695 3741 2984 13. April. Weitermarsch bis Tanga, gleichfalls eine
531 2867 3644 3160 starke Strecke. Bei Sombero über eine weite freie
544 3006 3656 3330 Fläche. Bald darauf in (anscheinend Karroo?) unbekannte,
542 3227 2864 3538 fossilleere Sedimente. Wieder getragen.
752 3357 3909 3642 Abends noch an Bord, doch zum Konzert der berühm„
516 3510 3884 3766 ten Schülerkapelle wieder an Land. Erstaunliche Leistungen,
549 3658 3941 3977 wenn wir auch nicht bestätigt fanden, daß sie besser als
499 3824 3526 4157 die Daressalaamer Militärkapelle sei. Regen.
643 4005 3788 4370 14. April. Wieder an Bord eines Hauptdampfers,
503 4173 3968 4553 für die Boys gab es zu staunen. Fahrt nach Zanzibar.
506 4396 3822 4677 Der Ort ist recht interessant, aber mir ja bekannt u.
448 4526 3940 4842 so unsympathisch, daß ich an Bord blieb u. Zauberkünstler
466 4739 1220 4992 bewunderte.
