4324 5213
306 212 481 384 24
518 218 3966 525 18. Mai: Auch im neuen Graben beginnen jetzt interessante
389 418 3798 687 Funde. Immer mehr zeigen sich allerhand. Knochen, die
390 580 3293 833 bei Riesensauriern schwer unterzubringen sind.
747 747 3958 950 Besuch d. Jumben v. Ntondo u. zahlreichen Lebensmitteln,
344 860 3048 1091 sodaß meine Safari doch auch Früchte trägt.
570 1011 3587 1242 Nachm. Schießversuche. Abd. Schach m. Dr. Janensch
443 1100 3888 1415 Jonas Lie's „Ehe“ beendet; ein psychologisch äußerst durchdrin„
503 1290 3815 1543 gendes, erst im letzten Teil zu stark Typen schaffendes
463 1458 3911 1701 Buch, aus dem ein feines Gemüt u. ein offener Blick
399 1591 1882 1897 (auch in's Weite) spricht.
594 1774 3978 2086 19. Mai: Im hinteren Teile des ersten Grabens, zu dem
391 1962 3903 2224 Dr. J. weitere Quergräben ziehen läßt, glaube ich zu be„
417 2105 3906 2331 merken, daß unsere bisherigen Funde sich so gut wie
438 2233 4013 2513 ausschließlich auf zwei auch in d. Fazies (weiße Kalkbröckel„
465 2407 3753 2731 chen) unterschiedene Schichten beschränkt sind. Für d.
469 2614 2934 2899 fernere Suchen an dieser Stelle wichtig!
718 2770 3960 3032 Zum ersten Mal eine offizielle Kiboko-Strafe, natürlich
419 2932 4020 3124 Weibergeschichte. De Der betr. Mngoni scheint nichts zu fühlen,
433 3050 3903 3283 die alten Krieger verleugnen sich noch nicht. Zwischen d.
396 3187 2865 3470 Stämmen bestehen gewisse Reibungen.
647 3346 3749 3577 Vorm. M. Hrn. Besser u. Dr. J. auf d. Tendaguru, um
409 3494 3978 3724 ein über d. Mbenkuru-Lauf lagerndes Nebelmeer zu
432 3650 2355 3938 betrachten. Morgens 6h 18° C.
1609 3758 2307 3955 9h 26° „
1630 3874 2298 4062 3h 31° „
471 3971 3892 4297 20 Mai. Im Anschluß an einen Schnupfen beginnt mein Ohr
377 4208 1951 4453 wieder sich zu melden.
610 4236 3966 4561 Einen dritten Graben, ausgehend vom ersten begonnen.
465 4528 3716 4730 21. Mai. An einem interessanten Knochen im Graben
374 4620 3822 4941 präpariert. Leider teilen d. Funde d. Brüchigkeit des Gesteins,
388 4766 3444 5004 so daß ständig getränkt u. gewartet werden muß.
