4324 5213
3815 170 3976 353 51
494 204 3900 460 29. Juli. Nachts Löwengebrüll auf verschiedenen Seiten, von
434 357 3916 590 dem ich bei meinem Schlafe wieder einmal nichts
462 495 3968 790 hörte. Rundgang zu den Gräben mit Gewehr u. Pistole.
465 626 3802 898 An der neuen Quelle (östl. d. Lagers) greift eine Löwin
503 785 3822 1102 gegen 9 Uhr die Weiber an u. reißt einer d. Tuch vom
484 963 3732 1283 Leibe, entflieht aber bei deren Geschrei. Das Wasser
481 1162 3874 1488 mußten wir uns offen halten, also gingen Janensch
510 1314 3907 1631 u. ich nebst Boys mit sämtlichen Feuerwaffen u.
516 1521 3641 1802 eine Zahl Aufseher u. andrer Leute mit allen
499 1645 3876 1973 vorhandenen Speeren (meist im Besitz d. Wangoni)
504 1793 3846 2111 u. Stücken auf die Streife. Vorsichtig wurde die
542 1937 4056 2294 weitere Umgebung des Baches abgesucht, keine Spur.
530 2153 3907 2428 Am Abend zweiter Feldzug gegen d. abwesenden
488 2307 3890 2592 Feind, um den letzten Wassertransport zu decken.
507 2558 1610 2833 Brief an Mama.
604 2651 4003 3009 30. Juli: Auch heut noch Vorsicht geboten. Der Feind ist
513 2860 1852 3217 noch gehört worden.
649 3103 2674 3409 31. Juli: Lohn- u. Poscho-Zahlung.
713 3258 3641 3617 Sonntag d. 1. August: Gemalt (nach Photographie.)
848 3489 3766 3788 Uns wird eine hübsche Lima gebracht, können
642 3641 3942 3916 aber den Fundort nicht mehr besichtigen, weil
606 3882 1444 4170 heut zu spät
759 3989 3953 4322 2. August: Nachm. zu d. Fundort auf d. Wege zum
566 4201 3994 4481 Kerani Ligoma gegangen, ohne jedoch die Mutter„
567 4381 3200 4683 schicht ausfindig machen zu können.
756 4511 3841 4795 3. August: Ein Wasserträger hatte gestohlen u. anfänglich
500 4784 3715 5021 geleugnet. Ich erledigte das Shauri, da Dr. Janensch die
