4324 5213
3738 177 4034 370 129
502 252 4152 496 etwas müde wurde legte ich mich in d. Schatten eines
500 441 3903 697 Gebüschs u. genoß das in Afrika seltene Vergnügen
506 555 4094 869 aus dem Grase gradwegs in d. Himmel zu schauen.
517 751 3902 1049 Die ausgeschickten Sucher kehrten ergebnislos zurück.
783 913 3856 1187 Zum Glück brachten die Steinklopfer gute Beute.
532 1100 3876 1297 Andre waren mit d. Lasten nach Kitugallo u. zurück
529 1307 3657 1530 gegangen. Ein Kisaramo-Instrument namens
530 1445 4064 1744 Chingwenjongwenjo klang wie Zitherspiel aus einem
534 1669 3973 1924 Hause; ich ließ es mir vorspielen, suchte aber ver„
578 1834 3895 2109 geblich selbst einen Ton herauszubringen. Es war
542 1984 3877 2284 eine regelrechte einsaitige Streichgeige mit bege als
505 2174 3944 2481 Resonnanzboden. Dazu wurde ganz hoch u. seltsam
514 2366 3881 2595 in Fistelstimme gesungen. Ich photographierte den
513 2531 4034 2760 Barden. Der Stationsbeamte besuchte mich im Zelt auf
470 2720 4084 2976 einem Spaziergange. Bornhardt studiert. Abds. kleiner
480 2970 3950 3184 Spaziergang zur Dorfhöhe. Das linke Auge eitert ein
497 3137 993 3396 wenig.
686 3321 4065 3588 14.II. Schickte d. Träger voraus u. ging über Bahnbrücke
433 3586 4054 3858 die Strecke noch einmal, u. so das ganze Profil hinauf
446 3726 3823 3995 bis nach Kitugallo. Ich fand weder Gesteins= noch
468 3870 4029 4199 Lagerungs= noch Einfallsgrenze, die auf Unterschied
437 4060 3871 4372 zwischen Karoo u. Jura hindeutete, u. die gestrigen
459 4236 4051 4529 Fossilien beweisen, daß der Jura hier bis an d. Gneiß
504 4476 3186 4735 tritt. An Einzelheiten fand ich:
