4324 5213
3609 177 3859 316 147
402 223 4013 467 Tausende von Ameisen, die d. Schwarzen d. Land verlei„
406 396 2763 664 den; Kinder sah ich mit Grasschuhen.
687 611 3977 866 Sonntag d. 27.II. Marsch auf der Bagamoyo-Straße
483 796 4051 1034 nach Mikesse u. in Sattler's Lager zurück. Andauern„
527 937 3848 1227 des Steigen. Stellenweis der landschaftlich schönste
554 1153 3865 1376 Teil der ganzen Safari. Ich hatte Salesi morgens
558 1324 3906 1564 zum Fuß des Kungwe geschickt, um jenes Gestein zu
533 1518 3951 1747 suchen, er fand es auch, aber auch wir bewegten uns
554 1637 3749 1908 fast ausschließlich darin, ein recht eigenartiges,
595 1817 3912 2085 scheinbar nicht ganz geschlossenes Vorkommen. Kein
537 1982 3899 2304 Kontakt, sondern allmählicher Übergang in Granit.
536 2204 4030 2432 Im Gneiß sehr starke Faltung. Zu meinem Erstaun„
541 2375 3821 2667 nen eine große Fahrstraße von Bahnhof Mikesse
501 2549 4006 2798 über d. Barrabarra bis Kikundi, wo kein Weißer
485 2801 3864 3013 wohnt, daher gänzlich unbenutzt. Wie ich erfahre,
513 2947 3845 3175 als Sühnearbeit für d. Fall von Kannibalismus
525 3108 2070 3377 vor 2 Jahren angelegt.
743 3244 3675 3527 Bald nach uns trafen im Lager zufällig auch
507 3458 3810 3749 Hrn. Sattler u. Voertmann von einer Inspizierung bei
509 3632 3910 3908 Mpapua ein. Fand Packete von Haus u. von Seiden-
572 3816 3737 4074 spinners (Weihnachtsgeschenk) vor. Ziemlich viel
544 3954 1474 4253 Alkohol vertilgt.
742 4080 3893 4432 28.II: Voertmann zur Bahn begleitet. gelesen (Meyer's
515 4357 3872 4625 Ostafrika u. Kamerun, Supan's Entw. d. europ. Kolonieen,
547 4481 3792 4798 mein Erdbebenbuch) Die Regentage haben schon wieder
555 4688 1151 4947 aufgehört.
