4324 5213
310 196 558 378 108
461 217 4032 551 die Quelle am Fuß des Tendaguru u. in's Mbenkuru-
471 384 3989 726 Tal hinab, um die Gegend zu erkunden. Schoß kurz
489 574 4033 957 hintereinander ein Puduka u. Mbawala, sodaß die
438 767 3964 1093 Träger ihre Extra-Arbeit vergütet sahen, es wurde
501 888 3776 1301 aber spät dabei u. ich eilte durch greuliches Gestrüpp u.
511 1090 3883 1468 bergauf. Nach d. Abendbrot, das „im Freien“ nach herr„
507 1218 3944 1620 lichem Sonnenuntergang u. bei Mondschein unter
559 1461 3889 1876 2 schön geformten, hohen Baumkronen eingenom„
552 1613 2818 1989 men wurde, etwas Kopfschmerz.
774 1853 3898 2248 Sonntag d. 19: Sehr früh aufgestanden, beim ersten
608 2055 3657 2432 Morgengrauen fort, ich voraus, da ich fürchtete,
658 2205 3852 2620 Janensch's Anstalten könnten sich wieder sehr
633 2385 3787 2717 in die Länge ziehen. Von dem gestrigen Talmarsch
619 2614 3721 2938 durch hohes, holziges Gras hatte ich genug u. ging
607 2772 3749 3060 talabwärts zum Lilahi in mein prächtiges u.
629 2941 3757 3209 mir gut bekanntes Jgagdrevier, mußte aber d.
590 3112 3930 3400 Erfahrung machen, daß d. hiesige Herde mit der
619 3241 3884 3542 weiter oben am Mbenkuru gemeldeten iden„
592 3432 3957 3787 tisch sei u. zur Zeit hier abgezogen war. Die Kopf„
569 3590 3905 4004 schmerzen hatten sich schon beim Aufstehen wieder
618 3758 4028 4154 eingestellt, aber ich hörte Janensch im Tale schießen
622 3952 3993 4315 u. ging auch dorthin. Am Mbenkuru hörte ich, die
648 4125 3965 4492 Tiere seien jetzt jenseits, u. wollte wieder um„
622 4288 3964 4594 kehren. Da fielen wieder Schüsse nicht allzu„
612 4495 4051 4805 weit u. ich ging hinüber, an einer trocknen Stelle,
