4324 5213
3745 181 3917 376 97
348 244 4111 519 Generalvollmachts-Urkunde ausgestellt, da zufällig morgen
369 451 4106 698 ein unfahrplanmäßiger Dampfer mit Anschluß nach Europa
441 535 2043 846 geht. Brief an Mama.
675 714 3971 1010 Abds. zum Tennisplatz an d. Bucht unter Palmen,
453 902 2077 1157 dann zum Abendschoppen.
640 1076 3960 1339 Nach d. Abendbrot Insekten- u. Photographieensamm„
488 1220 2467 1489 lung d. Hrn. Schultz angesehen.
803 1451 3774 1682 2 Dez. Vorm. 7-½12, nachm. 2-5 Lasten ver„
539 1640 3766 1906 packt (165 Stück), dazwischen geschrieben u. gelesen.
526 1822 3863 2075 Nachher bis zum Abendbrot gearbeitet. Listen an„
518 2026 3897 2295 gefertigt, ethnograph. Arbeit, geol. Vorber. f. Rückweg,
551 2227 3861 2429 Briefe. Ich fühle mich hier unerwartet wohl u.
533 2358 3862 2660 erfreue mich vor allem am Blick auf die See.
531 2560 3253 2807 Glänzender Sonnenschein u. kein Staub
706 2696 3968 3044 3 Dez. Weiter Lasten verpackt (im Ganzen 200 Stück),
565 2923 3754 3222 Besorgungen, Briefe, Lasten nach Tendaguru
595 3121 3867 3417 abgefertigt. Werde morgen schon wieder ab„
634 3272 3817 3578 ziehen müssen, ja müssen! Nach Beendigung der
621 3446 3941 3720 Arbeiten ein wenig an dem Strand u. durch's Dorf gebum„
621 3629 3848 3820 melt. Welch köstliche Farbenpracht. Am schönsten der alte Araberturm
629 3805 4027 3959 in dunklem Laub u. violetten Blüten, davor ein Baum mit zartem
589 3852 3984 4184 Grün u. leuchtendem Rot, dahinter die Palmen und das schöne,
631 3980 3793 4248 lebendige. Meer. Hier möchte ich 8 Tage ohne Arbeit sitzen,
586 4133 3830 4459 schauen u. malen! Gern hätte ich auch eine Einladung des
599 4297 4008 4519 mir höchst sympathischen, weil vielseitigen u. riesig tätigen Bezirks„
583 4409 3925 4659 amtmanns Wendt zum Sonntag abend in seine Villa mit der
563 4537 4084 4773 ungeheuren schönstgelegenen Veranda angenommen. Ich empfin„
579 4663 3353 4952 de zum ersten Mal, daß ich eine Pflicht hier habe.
828 4795 2149 5014 Am Stammtisch verabschiedet.
