4324 5213
338 220 513 381 72
518 251 4043 460 beide Vorderbeine durchschossen u. es somit nachher leicht
456 380 3824 611 töten konnte. Ich hätte noch mehr schießen können,
486 488 3921 740 den sie gingen wieder nicht sogleich davon, aber
478 704 3995 871 es war genug des Blutbads. Beide waren Weibchen.
764 852 3148 1103 Den Sieg mit „bata baridi“ gefeiert.
637 1015 3764 1299 28. Sept. Etwas müde, wohl verkatert. Wieder
516 1197 2012 1468 32° Mittagstemperatur
669 1411 4000 1729 30. Sept. Lohnzahlung. Abds. Shauri, da ein paar erst neulich
495 1595 3948 1846 bestrafte Leute abermals beim Kartenspiel ertappt wurden. Da noch
479 1792 4021 2003 1 Verbrecher verhört werden muß, vertagt es Janensch auf morgen.
471 1874 4014 2137 Mir scheint das falsch. Vor allem aber ist Einer dabei, der zum Glück
508 1995 3946 2250 nachm. bereits Entlassung genommen hatte u. uns somit nicht
497 2135 3910 2426 mehr unterstand, wenigstens nach europäischer Ansicht. Janensch
509 2239 3695 2504 wußte sich ihm gegenüber nicht zu verhalten u. schob den
526 2396 3963 2725 Entschluß hinaus in d. Hoffnung, daß ihm ein Zwischenfall zu Hilfe
530 2509 3835 2842 käme. Das geschah denn auch, indem der Betr. nachts sich aus
509 2683 3821 2938 dem Staube machte. So waren wir in d. Augen d. Leute die
515 2835 3810 3156 Gefoppten, während sich Gelegenheit bot einmal europäische
500 2948 3872 3319 Gerechtigkeit u. Großmut zu zeigen u. d. Mann verächtlich gehen
524 3211 1061 3447 zu lassen.
694 3331 3621 3586 1. Oct: Vorm. Ein Ngorombwe angeschossen u. leider verloren.
507 3488 3703 3816 Nachm. D. Strafen vollzogen, unsern einen Koch entlassen. Das
528 3642 3702 3962 angeschossene Tier m. Janensch nochmals gesucht. Briefe
515 3744 3641 4099 begonnen. „Samassa, Besiedelung D.-O. Afr.'s“ begonnen.
696 3890 3965 4212 2 Oct. Poscho-Zahlung. Vorm. Janensch nach Mtapaia. Die Gelegen„
508 4109 3108 4402 heit benutzt, ein wenig am „Jesus“ zu schreiben.
687 4254 2314 4532 Abd. M. Janensch auf Perlhühner.
