4324 5213
3708 135 3992 336 109
449 218 4058 505 nicht über die halsbrescherische u. seiltänzerische Lianen„
464 355 3951 702 hängebrücke, die die Eingebornen für d. Regenzeit
401 561 4092 885 hier geschlagen haben. Wir gerieten in ganz schlimmes,
436 727 4112 1069 hohes, hartes Gras, nur Wildpfade u. Elephantenstraßen
517 921 3832 1260 (es sollten einige Elephanten auch jetzt hier täglich
471 1158 3863 1420 durchgehen) machten es überhaupt passierbar. Ich
447 1349 4081 1649 sah eine ganze Schar Schweine leicht erreichbar, hatte
448 1499 4012 1787 aber bereits morgens eins geschossen und wollte
467 1674 4037 1908 die „Ndogolo“ nicht verscheuchen, sah dann aber sogleich
486 1852 3863 2150 ein Puduka, das ich erlegte. Dicht bei ihm fanden
519 2008 4097 2299 wir zu meinem Bedauern einen Embryo, der durch
489 2231 3920 2521 d. Schuß hinausgetrieben war aber unverletzt , daher
549 2362 3973 2630 mitgenommen wurde, um des Skelettes willen.
529 2589 3880 2874 Bald traf ich auch Janensch, der ein angeschossenes
552 2748 3861 3075 Tier verfolgte. Da ich ihm nicht hinderlich sein
513 2984 3830 3238 wollte u. auch recht ermüdet war, schwenkte ich
503 3120 3838 3412 links ab, um mich zum Flusse u. Lager durchzu„
473 3272 3851 3626 schlagen. Aber unmittelbar darauf sah ich eine
502 3444 3919 3835 Ndogolo-Herde, vielleicht 10 Köpfe stark. Jetzt er„
551 3652 4029 3958 folgte zu meinem Ärger wieder eine Kanona„
465 3834 4007 4151 de, ohne daß ich einen Erfolg beobachten konnte.
469 4020 3899 4360 Schließlich verlor ich sie bei schwerer Verfolgung
500 4222 3756 4514 u. mußte mich ausruhen. Ali ging indes um
448 4343 3894 4705 etwaige Blutspuren oder gefallene Tiere zu suchen,
450 4607 3951 4924 denn ich hatte in d. Gras nichts sehen können. Es
