4324 5213
3667 178 3917 326 137
438 180 3952 495 Wert behalten haben, wenn auch für mich d. Anblick nicht
453 401 3997 623 immer ästhetisch war. Meist handelte es sich um einen Brust„
441 551 3912 749 tanz der Weiber mit unverhülltem Busen (auch bei den
473 707 3867 985 kleinen Mädchen. Es war Hochzeitsfest, die Braut wurde
476 866 3937 1160 hinausgetragen, kam auf d. Schultern ebenso zurück, aber
493 1056 3842 1318 ganz u. gar voll Öl geschmiert, so daß ihre hellfarbige,
513 1211 4050 1485 fast rötliche Haut glänzte u. troff. Sie wurde unter Trommel„
499 1366 3792 1617 klang u. ihrem Tanze mit irgend etwas (wohl einem
516 1533 4005 1807 fruchtbarkeitverheißenden Samen?) bestreut u. schien sehr
493 1700 4012 1937 ermattet. Zum Glück behalten die Brüste hier ihre natür„
503 1859 4013 2139 liche, uns schöner erscheinende Form, da die Weiber des
519 2020 4110 2307 Landes keine Oberkleidung zu tragen pflegen und daher
522 2255 4107 2512 nicht abschnüren können. Ganz prächtig war der Kinder„
540 2451 3983 2664 tanz, in dem ich zu meiner Freude auch die kleine
563 2578 4072 2804 Bekanntschaft vom Vormittag, sowie mehrere andre Mädchen
540 2836 3797 3035 von wirklich hübschen Gesichtszügen u. in ihrem ganz
537 2914 3803 3200 reizenden Schmuck wiederfand. Abd. Sortieren der
570 3108 1650 3372 Versteinerungen.
797 3329 3828 3572 18.II: Weg nach Vissima saba, hier mein Zelt am
570 3493 3924 3691 Lager d. Streckenarbeiter (zur Zeit leer) aufgeschlagen, mit
573 3659 3718 3841 Salesi u. Wilhelm in d. nunmehr endlich entdeckten
546 3786 3772 3993 Kinkelin-Bruch. Ich fand eine sehr harte, mächtige
559 3944 3944 4242 Bank, die fast ausschließlich aus einer kleinen Muschel„
564 4084 3925 4349 art bestand u. die wohl zw. km. 119,5-6 am Bahneinschnitt
566 4311 3855 4558 zum Vorschein kommt. Bläuliches Gestein ohne Oolith-Struktur,
565 4486 4098 4670 in verwittertem Zustande gelblich, Glimmerschüppchen enthaltend.
549 4696 3891 4954 Schalen d. Mollusken zerfallen leider beim Absprengen, da
