4324 5213
291 202 499 412 18
464 236 3775 620 Das auf d. stellenweis stark verwachse„
433 462 3861 840 nen Barra-barra u. m. oft nur freiliegenden,
471 644 3726 1028 nicht anstehenden Blöcken möglich war,
484 874 3676 1248 folgendes Profil, gänzlich ohne Fossilien:
807 1013 3443 1414 Roter Porphyr (noch am Fuße selbst.)
771 1283 2842 1627 Weißer Marmor (wenig)
759 1433 3799 1792 Grobes Konglomerat (Trigonen-Schicht?)
793 1828 3571 2235 Seltsame konkretionsartige, kl. Gebilde, zu
1220 2105 3743 2381 bröckeligem Gestein vereinigt u. eine
1207 2248 3288 2570 steilere Böschung bedingend.
456 2485 3619 2836 Oben auf d. Plateauhöhe schlug ich von einem
461 2673 3806 3000 ganz feinkörnigen Sandstein ein Stück ab, bin
457 2839 3830 3112 aber nicht sicher, ob d. betr. Block vielleicht
435 3025 3921 3293 transportiert war. Wir bogen scharf links
429 3172 3738 3541 von d. barra-barra ab u. bekamen alsbald
455 3376 3936 3718 einen schönen Blick auf Namunda u. Tendagu-
394 3573 3883 3889 ru. Namyura u. Namunda gleich hoch u. eben,
450 3738 3954 4071 getrennt durch ein Kesseltal, das soeben begon„
458 3916 3952 4173 nen hat, die letzte Verbindungsbrücke anzu„
466 4082 3815 4409 nagen. Ränder oben sehr scharf u. fast senkrecht
510 4236 3987 4603 abfallend, aus d. roten Schichten (Makonde-), wie
461 4477 3900 4707 am Note aufgebaut. Schöner Ausblick in d.
429 4644 3975 4952 Land des Mbenkuru u. Tendaguru. Abgezeichnet.
