4324 5213
3751 202 3912 380 89
369 226 3767 512 Ein herrlicher Abend. Noch lange unter'm Sternenschein
346 394 3991 632 gesessen. Zu aller Freude kam auch noch die längst fällige
361 582 3638 860 Post. Nachricht vom Erscheinen meiner Erdbeben-Arbeit.
576 717 4005 1016 12. Nov. Morgens in d. Schamben ein Warzenschwein
438 912 4047 1227 geschossen. Alle Gräben besucht, was nach Wiedereinstellung
436 1087 3447 1357 der Wangoni eine gute Marschleistung bedeutet.
629 1257 4000 1555 Abend Janensch einen Knochenfund in d. II Stufe am
460 1436 1937 1698 Plateaurand gezeigt.
606 1571 3859 1810 13. Nov. Die gestern besichtigten Knochen mit der
440 1765 3942 2040 Abteilung des Wangoni-Aufsehers „Tendaguru“ begonnen,
422 1944 2350 2210 da Skelett L abgebaut erscheint.
658 2081 3791 2305 Im Graben II findet sich d. ersehnte Theropoden-Femur.
561 2280 3923 2474 Wollte Nachm. wieder auf 2 Nächten nach Mtapaia ziehen,
499 2399 3762 2678 finde aber am Skelett P viel Arbeit beim Ausheben der
498 2534 3823 2807 Füße u. will Montag früh gleich wieder daran gehen.
724 2719 1647 3051 Poscho-Zahlung.
563 3020 3826 3268 Sonntag d. 14. Nov. Morgens 4h aufgestanden, auf Jagd
472 3254 3905 3459 zum Maimbwi. Wir fanden schon nach 1½ Std. zahlreiche
452 3331 3930 3616 frische Barappi-Spuren u. glaubten ihnen oft auf den
446 3530 3930 3794 Fersen zu sein, aber absolut nichts zu hören u. zu sehen,
445 3720 3980 3959 auch auffallenderweise kein andres Wild außer Schwein
443 3860 4002 4168 u. Warzenschwein, die ich, wie ich fürchte, angeschossen habe.
2515 4031 3465 4251 6 Std. unterwegs
586 4086 2170 4333 Mittags Schattentemperatur 33°.
784 4268 4103 4502 15 Nov. Bei einem Abendgang durch d. Schamben ein Puduka
485 4387 4100 4658 gesehen, aber die Büchse versagt, wie mehrmals in diesen Tagen; ich bin
472 4542 3622 4807 dadurch wohl schon 4 oder 5 Mal um Jagdbeute gekommen.
