4324 5214
301 245 563 472 126
627 233 3838 621 7.II. Wegen schlimmen Fußes Lagerarrest.
589 473 3963 814 8.II: Vorm. Sattler, der auf Safari geht, auf
629 690 3953 924 den Wege zur Bahn begleitet. Wissmann-Bio„
606 926 3889 1195 graphie beendet, mit hohem Interesse trotz der
583 1026 4016 1377 ungeschickten Darstellung verfolgt. Ich wollte mich
626 1189 4067 1538 vor allem über d. Araber-Aufstand informieren.
703 1425 3760 1751 9.II: Vorm. Nördl. vom Lager gejagt, nichts
623 1598 3904 1948 gesehen. Nachher kam ein Barappi unmittel„
609 1817 3999 2148 bar am Lager vorübergewechselt, sofort ver„
657 2020 3848 2347 folgt, aber gleichfalls nicht gesehen, da Spur
646 2239 3935 2613 nicht zu erkennen. Janensch auf dem Berg„
627 2450 3550 2754 rücken im Norden Kudu's beobachtet.
853 2682 3935 2961 Abds. Gewitter in d. Umgegend. Auf dem
640 2842 3957 3175 Aussichtspunkt Nachtschwalbe, sehr groß beobachtet.
488 3017 3590 3188 Schubert-Biographie u. Mohamed-Biographie gelesen.
836 3138 3648 3414 10.II. Morgens ganz bedeckt. geschrieben.
704 3270 3907 3576 Komme nicht zum Malen, da die Uluguru-Berge
572 3424 3830 3772 fast nie, besonders nicht morgens frei liegen u.
603 3586 3805 3874 abends nur eine Silhouette sichtbar wird. Der
618 3787 3992 4054 Fuß zwingt mich zu nutzlosem Sitzen, wäre ich allein,
572 3894 3903 4259 so wäre ich schon mit Sattler zusammen hinunter
564 4146 1182 4415 gezogen.
755 4262 4070 4614 12.II. Lasten verpackt, Träger angeworben, Kassensachen.
569 4476 4040 4771 Um 10 mit d. Bahn u. 20 Trägern nebst Boys u. Koch nach
554 4670 3977 5000 Ngerengere gefahren; Janensch fährt für einige Tage nach
