4324 5213
398 208 577 402 44
534 192 3992 481 auf der ich beim Abstieg Trigonien-Schichten m.
481 378 3963 657 Fossilien fand. Lager in Kikundi, an 12¼ Ver„
460 538 4002 842 pflegungsschwierigkeiten f. d. Leute. Schoß 2 Paga„
491 720 2151 1023 geien m. einem Schuß
631 812 3339 1148 Abend. Ngoma! D. Laute sind „nicht totzukriegen“.
541 1086 3932 1296 24. Juli 09. Ging morgens m. Ali u. Führer voraus, schickte
278 1181 3845 1466 d. Träger nach Pindiro (ca 3-3½ Std). Überschritten einen Hügel
433 1326 3920 1622 (noch immer d. recht eintönige Sandstein, d. „Barrabarra“ von
432 1452 3704 1735 Kiswere traf uns - mir unverständlich von links. Dann
425 1606 3831 1919 bogen wir kurz vor Makangaga (m. Pindiro) links in d.
457 1780 3879 2025 Talebene ab, durch Schamben in einen Busch, der von
512 1939 3771 2232 einem Flüßlein buchstäblich durchströmt(?) wurde,
483 2103 3797 2374 hinüber bis zum Makumba. Wurden hier an eine
482 2244 3831 2556 Stelle geführt, die auf große Strecke hin in ca 20-30 m.
473 2394 3912 2684 Breite voll tiefen Wassers war u. Flußpferde enthielt,
471 2570 3926 2843 aber der zahlreichen Sumpfpflanzen wegen einer
379 2746 3910 3081 Wiese glich. Schoß 2mal u. traf wohl d. erstemal einen
472 2901 3924 3243 großen Schädel. Hätte gern noch photographiert, aber
440 3066 3879 3431 von d. zahlreichen Tieren ließ sich durch 1½ Stunden
550 3231 3776 3662 hin nicht eins sehen. Zurück zur Barrabarra, über d.
506 3446 3997 3786 Pindiro-Fluß auf dem Itukuru-Rücken, den ich für
465 3636 3873 4006 Saurierverdächtig hielt, der aber unten aus jenem
438 3833 3970 4198 Sandstein, oben aus rötlichen Abhängen (Fortsetzung d.
467 4001 4003 4378 Lipungiro?) besteht, soweit d. spärlichen Aufschlüsse erkennen
454 4174 4039 4590 ließen. Beim Abstieg aber fand ich nicht nur Fossilien
246 4334 502 4602 u. Oolith
522 4360 4003 4792 , sondern auch eine scharfe Faltung feinplattiger Schiefe
538 4530 3797 4978 Mehrfach Regen. Nachm. Jagdausflug ohne Erfolg. Wieder
