4324 5213
3779 210 3953 354 23
356 237 4086 488 Maimbui. D. Liegende dieser Schicht hier also anders
380 407 1795 666 als am Namyura.
651 544 4108 754 Mittags plötzlicher, starker Durchfall mit vorüber„
424 741 4112 983 gehender Übelkeit. Nachm. zu Bett gelegen, aber wieder
404 913 3819 1160 ganz wohl. Buch v. Plehn üb. Tropenhygiene mit
435 1090 3988 1265 Interesse gelesen. Dr. J. steht zum ersten Mal auf.
418 1215 2274 1490 Abds. Schach m. Hrn. Besser.
561 1336 3998 1650 12. Mai: Vorm. Größten bisherigen Knochen (im Pori
406 1503 3936 1766 unweit des Lagers geborgen. Zum Sonnenuntergang.
569 1744 3918 1912 13. Mai: Nachm. Schach m. Dr. Janensch. Zum Sonnen„
424 1891 3950 2116 untergang. Mollusken aus d. Saurierschichten verpackt.
589 1978 4058 2213 14 Mai: Mittags Post aus Europa durch Zwischendampfer.
435 2168 3749 2438 Abends nach d. Schach nach mehrtägiger Verstopfung
451 2300 3984 2555 wieder starker Durchfall, böse Nacht. Offenbar starke Er„
432 2431 3841 2711 kältung, denn gleichzeitig Schnupfen. Vorher wieder,
417 2587 4038 2895 wie auch neulich, sehr empfindlich für Wärme u. Kühle.
525 2773 3927 3028 15. Mai. Vorm. zu Bett geblieben, bis es im Zelt zu
471 2880 3926 3168 H heiß wurde. Bornhardt u. Karten studiert. Ganzen
390 3058 4055 3376 Tag nicht fortgegangen. Nachm. Fontane's „L'Adultera“ begon„
405 3226 2709 3510 nen. Früh zu Bett. Posho-Lohn-Zahlung
486 3393 3966 3701 16. Mai, Sonntag. Vorm. m. Dr. Janensch auf d. barra-
338 3574 3745 3833 barra um d. Tendaguru. Taube geschossen, meine
347 3694 4103 4003 erste Jagdbeute. Versteinerungsfunde. Frische Leopard-Spuren.
544 3893 4070 4156 Gelesen, Fontane beendet; manches Gute, doch im Ganzen
386 4050 3903 4291 anspruchslos. In Plehn's Tropenhygiene üb. klimatische
380 4227 1693 4506 Verhältnisse gelesen.
595 4363 2130 4628 Abend. Schach m. Dr. J.
439 4548 2950 4767 17. Mai: Nachm. Noch einmal etwas Regen.
739 4698 3342 4972 Jonas Lie: „Eine Ehe“ begonnen. Schach m. Hrn. Besser
