4324 5214
3632 195 3927 339 111
431 229 3672 502 Karikaturist, guten, wenn auch harten Witz, aber
435 391 4087 716 ohne jede Tiefe. Und diese dritte Dimension erst macht
420 549 2765 858 den flachen Reimer zum Dichter!
679 791 3704 1051 23. Wieder beim Mtapaiasaurus. Die Arbeiten
500 1008 4021 1316 nähern sich in den Gräben allenthalben rasch dem
476 1198 4033 1515 Ende und doch müssen wir (oder wenigstens Janensch,
501 1353 3768 1654 der Bedenken über Bedenken hat) recht viel
516 1566 3872 1858 die Regenzeit über hier in dem Schuppen lassen,
453 1705 3921 2054 so daß wir nun zu meinem Ärger doch diesmal
529 1939 1978 2228 nicht fertig wären.
720 2072 3885 2372 Ein heftiger u. langer Gewitterguß, der aber
486 2257 3755 2571 seinesgleichen in Europa findet, setzt uns die
504 2424 4018 2767 Gräben u. viele noch unabgehobene Knochen unter
475 2597 3882 2898 Wasser. Auch eine Strafe für zu langes Zögern!
485 2760 3127 3065 Und eine „Bescherung“ für Weihnachten.
596 2937 3781 3298 24 Dez: Heilig Abend! So wohl ich mich hier
531 3144 3753 3474 fühle, diese Tage habe ich bisher schöner verlebt!
672 3288 3596 3656 Vorm. Puduka geschossen in d. alten Schamben.
569 3535 3798 3793 Nachm. unter Anderm die Knochen jenes Embryo
514 3668 4050 3975 verpackt, eine Antilope in einer Affenbrotbaumfrucht!
522 3853 2751 4194 Auch eine Weihnachtsbeschäftigung!
717 4075 4023 4386 Gegen Abend allein lange auf d. Tendaguru, zur Zeit,
513 4262 3818 4576 da zu Haus beschert wird u. liebe Gedanken auch
533 4503 3843 4774 hierher fliegen gleich d. Schwalben, die mir dicht
487 4654 3787 4896 über den Kopf hinschossen. Prachtvoll klare Luft u.
