4324 5213
348 218 545 414 36
495 239 3980 529 in einander verschlungene Bäume, d. Wurzeln d. einen, der
482 431 4029 672 wie eine Ulme d. Tiergartens aussah, hatten den andern
462 607 3935 821 am Wurzeln u. Unterstamm bis zu beträchtlicher Höhe
466 691 3807 961 in wirrem Netzwerk fest umklammert, um erst
502 871 3859 1146 dort oben ihrerseits in den gleich kräftigen Stamm
470 1133 1308 1345 überzugehen.
762 1443 3876 1772 9. Juli: Nachm. m. Dr. Janensch östl. d. Lagers in's Pori zu
557 1626 3840 1921 einer neuen Wasserstelle (Oberlauf des Mtapa) hinab. Perl„
561 1761 3987 2047 hühner, aber nicht zum Schuß gekommen. Auch hier wieder
574 1986 1399 2238 Knochenfunde.
651 2093 3825 2370 10. Juli: Als ich von d. Arbeitsstelle im Norden zurück„
512 2261 3776 2545 kehrte, fand ich eine größere Safari vor u. dachte zu„
511 2435 3792 2774 nächst am Hauptmann Baumstark u. Gemahlin, da wir
497 2565 3843 2947 sonst niemand wußten, der uns hier aufsuchen würde.
512 2728 3727 3054 Dr. J. stellte mich Herrn u. Fr. v. Eckenbrecher u. Hrn.
484 2889 3922 3195 von Poremsky vor, die eine Jagdreise durch den Süden
480 3047 4005 3361 machen. Wir zeigten unsere zoolog. Garten, das Knochenmuseum
508 3235 3960 3495 u. d. Fundstellen u. bewirteten sie zu Mittag. Man hatte
518 3372 3920 3678 2 alte verfossilisierte Professoren erwartet; in Lindi scheint
519 3500 3897 3814 also von uns nicht viel d. Rede zu sein. Gegen 3 zogen
481 3632 3915 3992 sie, von uns ein Stück geleitet, weiter nach Nanundo.
778 3882 1681 4178 Poscho-Zahlung.
519 3992 3923 4403 Sonntag d. 11. Juli: Heut waren wir Gäste der Eckenbr.'s
404 4233 3902 4525 in Nanundo u. zogen schon um ½7 dorthin ab. Unter„
463 4436 3860 4721 wegs Profil besichtigt, neue Fossilfunde u. tief unten
468 4524 4047 4849 an d. Barrabarra wieder Saurierschichten m. Knochenresten
435 4727 3912 4998 wohl nur durch Verwerfung in dieser Lage verständ„
