4324 5213
3637 271 3901 497 117
1376 221 2462 575 1910.
507 639 4001 999 1 Januar: Muß d. Fuß wieder schonen u. kann nicht zur
453 877 3661 1183 Arbeit gehen. Nächsten Freitag wollen wir fort.
465 1032 2993 1357 Aquarelliert (Lutamba-See), Post beendet.
465 1267 4089 1597 Sonntag d. 2. Januar: Des guten Wetters wegen ließen
527 1447 3718 1747 wir die Praeparatoren heut gegen besondere
556 1743 3864 2031 Belohnung arbeiten. Ich blieb wieder im Lager.
625 1925 3664 2228 3-5.I. Letzte Reste aus allen Gräben geholt.
594 2146 3982 2423 6.I. Mollusken- u. sonstige Versteinerungen verpackt.
606 2288 3919 2645 Letzte Signierungen der Knochen in den Magazinen.
610 2514 4085 2842 Einige übrig gebliebene gebrannte Mandeln stiftete ich beim
600 2747 3908 3024 „Räumen“ der Küche. Daraufhin bewunderte mein
612 2912 3873 3231 Ali heut den „akili“ der Europäer in begeisterten
580 3107 3779 3361 Worten. Ich glaube, gutes Essen flößt ihnen mindestens
573 3275 3954 3609 so vie Ehrfurcht ein, wie ein Dampfer, Eisenbahn oder
601 3462 4076 3703 Luftschiff. Auf meine Frage, ob's geschmeckt habe, antwor„
605 3627 4038 3974 tete er, sie hätten's sehr gern, aber sie bekämen's nie,
591 3845 4012 4171 und was man nicht habe, solle man nicht  lieben.
612 4032 1503 4334 Der Philosoph!
738 4245 3975 4589 7. Januar: Abmarsch vom Tendaguru-Lager, gegen 6½,
503 4511 3746 4738 mit 40-50 Trägern. Es ging sich heut sehr gut u. der
444 4667 3781 4901 Weg kam mir recht kurz vor. Auf Janensch's Wunsch
