4324 5214
346 266 529 485 130
642 236 4081 597 Bei km. 142,6-7. Schieferletten mit starker Verwitt.-Decke
1150 473 4032 689 142,4 wieder feste Bänke mit Einschlüssen; von
954 660 4006 907 Tonschmitzen (und Quarzit??) Grünliche Tone, sehr
916 798 3986 1083 feinblättrige Schieferletten u. grobe Geröllbänke wech„
883 975 3132 1242 selnd. Rote Farbe vorherrschend bis
1165 1137 4047 1387 141,9. Winzige Muschelspuren in den Sandsteinletten?
1153 1293 4094 1584 138,7 (nach Taleinschnitt) neues Gestein (Kalk?), Einfallen
973 1539 1723 1694 unverändert
1154 1600 4039 1865 138,2 nach beiden Seiten Schotterbruchgraben in
923 1792 4021 2095 einer festen Bank von bläulich-hellem Sandstein,
928 1934 4075 2291 Einfallen wie bisher. Merkte erst hier, daß ich bereits
948 2184 4007 2424 in Kitugallo, also längst im Jura war u. begann
938 2285 3740 2607 am Karoo zu zweifeln. An der Station große
944 2447 3938 2733 Steinbrüche (1. Smlg. Lettre-Sattler u. eigene) in blau„
937 2661 3937 2969 grauem oolithischen Kalksandstein mit großen ein„
903 2814 4035 3138 gesprengten Feldspäthen u. Quarzen (höchst eigentümliche
917 3001 4047 3323 Fazies!) sowie sehr spärlichen, aber auf d. Halden unschwer
898 3190 4037 3446 sichtbaren Fossilien von deutlicher Struktur. Schwer heraus„
943 3320 3993 3643 zuholen u. vielfach bereits zerschlagen (Pecten, Ostreen)
950 3480 4021 3814 Höchst auffallend ferner häckselartig zersplitterte, aber
935 3683 3995 3972 lokal angehäuft Holzkohle-Einschlüsse, die schon längs
907 3880 3927 4162 der Bahn im Schotter bis über Mikesse hinauf
936 4018 3936 4338 auffallen. Einfallen unverändert östlich, hier S.S.O.
1067 4183 3850 4509 137,4 Sandige, bräunliche, im Bruch glänzende
911 4355 3971 4668 Sandsteinletten, über d. blauen Kalken, Einfallen
972 4582 1993 4878 S, ein wenig W!
