4324 5213
3792 219 4052 363 151
452 183 3837 446 gab mir Muße, des Tages zu gedenken. Jan. kam auf d.
431 310 3794 601 Wege nach. Nach Tisch Wagen des Hotels m. stürmischen
439 469 3941 673 Maultieren u. einem Massai als Kutscher, der die Tiere
444 602 4061 856 noch ständig antrieb, um früh zurückzukommen. Straße im
485 759 3832 1011 leidlich gutem Zustande, d. Fahrt durch Pflanzungen
494 946 4074 1221 von Baumwolle, Sisal, Gummi meist sehr jungen Alters,
530 1077 4032 1307 mit d. Blick auf d. zur Linken sich abrollende erha„
539 1238 3979 1560 bene Gebirgsszenerie ein großer Genuß. Nach Süden
510 1386 3939 1693 hin löste sich die schroffe Kulisse mit der Pagali-Spitze als
466 1563 3933 1871 Höhepunkt ziemlich schnell in leicht welliges sehr
554 1726 3802 2053 unruhiges u. kahles Hügelgewirr auf, was mich
533 1884 3754 2238 enttäuschte, da ich hoffte, wir würden recht in's
475 2069 3964 2436 Hochgebirge eindringen. Zelte auf Hrn. Schwarz' Pflan„
517 2237 3845 2576 zung am Mlali aufgeschlagen, bei schönstem Blick auf
524 2423 4079 2671 die Pagali-Gruppe. Pflanzer ein Italiener, mit dem wir Suaheli
500 2600 2444 2851 sprechen mußten. Schlief im Steilhaus.
778 2652 3768 2948 9.III: Aufstieg zum Mgeta-Tal, ich auf Hrn. Schwarz'
548 2842 3887 3091 Maultier. Ein einziges, verhältnismäßig ödes Tal, aber
576 2986 3976 3334 allenthalben Neues, Interessantes. Üb. d. Paß am obern
540 3140 3961 3494 Ende dem Mgeta-Tal in die Flanke. Ganz neuer mächtiger
525 3262 3785 3680 Gebirgskessel. Kurzer Abstieg gegenüber der Mission. Nach
568 3511 3971 3813 vielem Zögern  am rechten Ufer des schäumenden Mgeta
583 3712 4151 4026 Zelte errichtet. Wasserrauschen, welche Musik. Alle Hütten (runde Form)
2728 3826 3944 4008 auf den Hügelkuppen, nicht im Tal.
738 3914 4088 4214 10.III: Nachts u. morgens außerordentlich kalt (1200-
525 4079 3969 4335 1400 m. hoch). Heut u. folgenden Tag im Lager geblieben,
567 4236 4014 4553 da mein Fuß jeden Wandertrieb dämpfte. Etwas ge„
539 4423 3741 4723 malt. Janensch am 11. gegen d. Forststation bundicki
567 4606 3956 4908 aufwärts. In weiter Runde kein Baum od. Strauch außer
