4325 5213
288 238 533 409 158
518 235 3983 554 schamben. Letzte Strecke zu Fuß, in die Höhlen, die von Fledermäusen
536 372 3942 685 wimmelten, aber innerlich weniger boten als an dem wild
539 547 3997 806 überwucherten Eingang in engem Felstale. Prachtvolle Vegetation.
543 720 3829 1064 Auf nahe gelegenem Pflanzerhause mit afrikanischer Gastfreiheit
563 889 3907 1169 aufgenommen, dann zurück. Abends Bötzow im Klubhause ge„
540 1049 3948 1322 troffen u. Bez.-Amtmann nebst Frau, sowie Herrn St. Paul-Illaire
536 1224 3827 1502 kennen gelernt. Ich habe in Tanga 3 jungverheiratete Damen
540 1403 2891 1668 gesehen, sämtlich ungewöhnliche Schönheiten.
790 1540 2947 1803 Im Klub gegessen und — getrunken.
689 1665 3824 1938 28 März: Morgens zur Bahn, Abfahrt nach Mugussi, anfangs
540 1870 3822 2102 durch endlose Pflanzungen, die kaum ein paar Bäume oder
546 2059 3739 2337 Raum für die ehemaligen Bewohner des Landes übrig
547 2203 3942 2470 gelassen haben. Die Wagen älter und auch weniger angenehm
538 2299 3732 2642 als auf der Zentralbahn. In Mugussi mit Not u. Mühe Träger
531 2499 3871 2815 zusammengescharrt, dann Aufstieg nach Amani, im Bogen an
546 2652 3749 2892 den Rand des Gebirges heran, durch eine kleine Talpforte, in
565 2792 3917 3066 der eine Sägewerk versteckt liegt, auf die Rücklehne der von d.
555 2898 3896 3258 Bahn sichtbaren Wand. Sehr steil u. ständig aufwärts, kl. Rast.
607 3119 3974 3365 In bereits beträchtlicher Höhe tritt der vorzügliche Weg wieder
611 3215 3989 3487 auf die Südostwand u. nun eröffnet sich der weite herrliche
588 3334 3875 3673 Berg über d. Pangani-Land bis auf's ferne Meer. Wieder
598 3504 3869 3794 einmal ein Silberband, das in zahllosen Schlingen das Land
573 3654 3838 3943 durchzieht, eine wahre Lebensader. In Serpentinen an den
579 3818 3896 4085 Felsen unter herrlicher Vegetation hinauf. Bald in einen
576 3973 3976 4244 dicht belaubten Talwinkel in grünlich schimmernder, zauber„
591 4140 3811 4431 hafter Dämmerung. Wieder in's Lichtmeer u. wieder in's
563 4246 3898 4506 heimliche Waldesdunkel. Plätschernde Gebirgswässer, welche
578 4402 3751 4660 Labsal! Durch eine Pflanzung hindurch u. abermals in
619 4538 3951 4813 einen immer hoheitsvoller aufstrebenden Urwald. Jetzt
