4324 5213
3830 224 3995 343 11
383 238 3968 396 beweisend für Horstnatur d. Gipfels. Erneuter starker Regen.
550 342 4063 507 24.IV. Anfangs bei d. Grabungen. Nachher Weg zur Quelle unter
474 501 3940 709 d. Gipfel, wo Leute d. Weg breiter machen. Quelle nicht
505 653 3742 880 gefunden, im trockenen Bachtale eine Koralle. Am Weg
490 743 3934 1009 prächtiger Ausblick auf Mbenkuru-Ebene u. Hinterland.
509 875 3858 1119 3 Terrassen auf rechtem Ufer? Wahrscheinlich Auflagerung
468 1033 3636 1277 d. Kreide auf Gneiß gegen Namgura zu beobachten.
479 1115 3928 1390 Sattler u. Janensch getroffen. Mit Sattler weiter hinab
460 1296 3778 1513 in d. Absturz zur Ebene, Nautilus-Fundpunkt von
452 1406 3762 1706 Fraas nicht gefunden, aber ständiger Wechsel im
445 1570 3925 1878 Gestein, vielleicht einmal gutes Profil. Rings um
449 1706 2728 1981 den Tendaguru zurück in's Lager.
752 1829 3813 2143 Die Leute v. d. Arbeit schon vor 2h entlassen,
439 2093 1995 2323 um Lager zu reinigen.
670 2066 3885 2435 Nachm. Ankunft weiterer Träger aus Lindi. Posho-Zahltag.
580 2317 3952 2588 Erster ganz regenfreier Tag. d. Regenzeit scheint beendet zu sein.
434 2374 4027 2692 Sonntag d. 25.IV. Vorm. Auf d. Gipfel d. Tendaguru gemalt
639 2585 3989 2945 Zahlreiche Besuche m. Geschenken an Mehl, Hühnern u. dgl.,
551 2768 3919 3081 freilich mit d. kaufmännischen Absicht, Tuch dafür ein„
515 2882 3975 3138 zuhandeln. Auch unsere Leute kaufen eifrig bei uns.
501 3112 2776 3382 Werde hier also auch zum Krämer.
630 3198 3788 3570 Mit Janensch zum Mahimbui, heut bei prächtigem
448 3444 954 3656 Wetter.
569 3445 3876 3789 26.IV. Wieder zahlreiche Knochenfunde im Graben,
427 3661 3949 3938 aber meist geringer Qualität. Ebenso neue Funde
422 3864 4028 4120 unweit d. Lagers u. ca ¾ Std. entfernt, ebenfalls
425 4046 4123 4262 nur als Fundort wissenswert. Den zweiten besichtig„
447 4230 4136 4457 ten wir gemeinsam nachmittags. Dann trennten wir
433 4371 4139 4655 uns, ich ging „auf Jagd“, bekam auch wieder eine Taube
423 4515 4111 4791 zu sehen u. konnte senkrecht von unten schießen. Dennoch
429 4674 4075 4937 bekam ich wieder nur die Zweige, auf denen sie saß. Da
