4324 5214
225 284 552 492 134
498 334 4074 614 Telephon macht auf meinen Wilhelm gewaltigen
530 557 4010 819 Eindruck, freilich war es heut besonders stark
567 687 4029 1048 in Tätigkeit, da Entgleisung in d. Nähe. Arbeit
561 894 3996 1246 d. ganze Nacht. Der Bahnmeister raste mehr„
585 1115 4004 1430 mals mit kleinem Motor vorbei. Wilhelm
592 1332 3955 1623 meinte, der Wagen würde vom Winde
625 1531 3839 1850 getrieben. D. Schwarze an Telephon u. Weiche
629 1810 4005 2062 recht zuverlässig u. umsichtig, aber d. Weiße
613 1931 3699 2257 giebt schlechtes Beispiel, indem er ein
577 2128 3752 2439 Warnungssignal ignoriert, da er besser
589 2357 1949 2645 informiert war.
740 2505 3985 2763 16.II: Morgens an d. Bahn aufwärts, um den Ammoniten-
578 2712 3855 2960 Fundort Kinkelins zu suchen. Nicht gefunden, aber mit Hilfe
580 2900 3966 3114 unsers trefflichen Salesi andre sehr gute Fossilbänke. Heut u.
551 3021 3376 3262 an folgenden Tagen ferner an d. Bahn beobachtet:
839 3144 4000 3415 km 123 („Jumbe“ Ufuta, nördl. Panda mbili) Am Kisongo-Bach
574 3340 3929 3565 bei Panda mbili fester, aber papierschiefriger Sandstein mit spär„
591 3484 3969 3681 lichen u. wenig guten Fossilien, im Bachbett unterlagert von
605 3637 3988 3799 braunen Sandsteinletten. Auch am Wege nach vissima saba
584 3784 3997 4046 (Siebenbrunnen, Lager d. Streckenarbeiter) Fossilfunde in hartem
591 3948 1417 4180 Kalksandstein.
821 4062 3903 4319 121,7-8. Auf 100 m. langsam an der ca 1½ m hohen Böschung
621 4269 3950 4522 hinziehenden, nach W. ausbeißend, aber anscheinend noch ein„
632 4377 4041 4633 mal wiederkehrend eine harte Kalkbank mit meist schlechten
590 4518 3806 4799 Fossilien, aber charakterisiert durch sehr lange, turmförmige,
563 4674 4004 4977 dünnwandige Schnecken u. großschalige, stets nur im Bruch erschei„
