4324 5213
3814 233 4001 398 75
380 250 3834 525 Unsicherheit im Entschluß ist auffallend, heut hatte sie
399 375 4089 676 mich wieder geärgert, seine Fähigkeit müde zu werden,
389 584 3903 877 ist nicht minder auffallend für mich, der ich nachts
402 713 3903 1039 fest schlafe u. bei Tage Abscheu vor Schlaf empfinde.
404 904 3718 1218 Es ist ihm sogar gegeben bei der Lektüre des
410 1062 3880 1347 Chamberlain einzuschlafen. Und doch müssen wir
415 1278 4026 1524 2 Jahre miteinander auskommen u. wir können
417 1449 4064 1708 es gut, da wir im Temperament einander ähnliche
434 1657 4102 1840 Naturen sind u. uns schon eine Weile gut kennen.
441 1796 3915 2022 Übrigens wäre ich der, der zu weichen hätte, u. ich
445 1982 4083 2204 muß mich anpassen. Aber zum ersten Male kommt
443 2137 3940 2475 mir der Gedanke, was es heißt, wenn 2 Menschen
422 2377 4101 2661 sich für ein ganzes Leben aneinander fesseln. „Drum
439 2569 2479 2837 prüfe, war sich ewig bindet“!
670 2554 4122 2948 Beim Abstiege glaubte ich einen fossilen Baumstamm
436 2816 3986 3119 von ca. 6 m. Länge zu entdecken. Schoß auf Affen,
408 2992 3947 3333 um d. Gewehr zu erproben: jetzt war's in schönster
416 3200 3246 3495 Ordnung! Aber d. Affen wollten nicht.
644 3390 3714 3681 Nachm. Gelesen. Samossa beendet. Für mich
436 3566 3924 3897 anregend u. leitend, aber keine wissenschaftliche
467 3758 3856 3997 Tat. Ein guter Zeitungsaufsatz mit großen Auf„
423 3936 3932 4246 wande an Druckkosten. Kein rechtes Verhältnis.
420 4115 3809 4436 Objektive u. doch lebhafte Darstellung, fällt sehr
437 4300 2948 4592 gegen Gouverneur Rechenberg aus.
