4324 5213
3852 200 4036 344 61
428 227 3969 491 Erosion! Starke Aushöhlungen in bestimmter Höhe an der Ufer„
416 359 3984 617 wand wiesen auf einen Wasserhorizont hin, da die Strömung sie
450 552 3874 782 in diesen Formen u. dieser Richtung nicht schaffen könnte.
419 738 3855 1031 Eine Schar Meerkatzen in dichten hängenden Lianen zwischen
420 960 3943 1188 schönen hohen Bäumen. Ein schöner schwarz-weißer Raubvogel mit
459 1090 3841 1295 rotem Schnabel u. Fängen, Adler? Auf dem Rückweg etwas
434 1262 4080 1460 anders gegangen, kam durch Mtapaia, eine so echt ursprüng„
429 1408 3770 1673 liche Negerpflanzung, daß ich mich von dem Bilde kaum
420 1602 3834 1787 fortreißen mochte. Ein armselig dem Pori abgerungener Ort mit
401 1707 3943 1938 abgeerntetem Mtama zwischen kahlen Baumstämmen, auf kleinen
392 1835 3998 2171 Anhöhen die elenden Lehmhütten u. d. schwarzen Gestalten, die in
416 2004 3955 2333 ihrer Arbeit innehielten, das fremde Wunder zu sehen. Ein
415 2240 4102 2427 aufspringendes Ngorombwe führte mich ganz zufällig zu einem
407 2375 3939 2638 guten Knochenfund, der gute Grabungserfolge verheißt. Auch in
413 2593 4037 2768 den Gräben heut Erfreuliches: an der Nordstelle ein Bein- u. zwei
388 2723 3816 2946 Fußknochen, bei d. Wirbelsäule nahe dem Lager eine Hautplatte
377 2877 3809 3126 außer der Scapula, am Wege n. Lindi ein zweites sehr hübsches
358 3015 3859 3231 Sacrum einer kleinen Form u. in Graben II Kopfende eines
365 3207 4030 3436 ungeheuren Femurs, das bloszulegen mindestens 14 Tage erfordern
363 3328 3681 3581 wird. Seltsamerweise scheinen meist 2 Skelette (zum Glück von
364 3508 3792 3715 verschiedenen Typen durcheinandergeworfen zu sein. Auch bei
358 3672 1788 3889 Skelett A neue Halswirbel.
516 3858 2833 4142 Nachm. Fossilfunde der letzten Tage gesichtet.
487 4085 3911 4319 Abend: mit Janensch an d. Plateaurand links vom Abstiegs„
392 4219 2664 4504 wege, prächtiger Blick, Sonnenuntergang.
590 4372 3982 4639 27. Aug: Im Lager, d. h. im Bereich der Gräben geblieben, wäh„
370 4598 4021 4856 rend Janensch d. Knochenfund von Mtapaia besichtigt. Im Graben
369 4745 3733 5017 VIII kommt ein 2 m. langes, ungeheuerliches Pubis zum Vorschein,
