4324 5213
3751 185 3913 292 21
351 187 3949 419 5 Mai. Vorm. im Graben ziemlich reichliche Molluskenfunde
425 396 3986 598 in d. Saurierschichten, wodurch d. Entstehungsgeschichte erheb„
427 561 3996 730 lich geklärt werden dürfte. Ich suchte in den unten ange„
396 633 3793 942 schnittenen Tonen nach Blattabdrücken u. Schnecken u. fand
440 794 3953 1036 anfangs sehr spärlich, nachher m. Boheti's Hilfe schneller
391 943 4016 1228 Muscheln, auch in d. höheren Schichten. M. Handbohrer Mächtig„
415 1120 4051 1344 keit d. Tone gemessen, ca ½ m., darunter rötliche Tonschichten.
1192 1252 2910 1447 Dr. Janensch's Fieber läßt nach.
484 1341 3762 1526 Nachm. Weiter gesammelt. Tagebuch. Lohnzahlungen. „Ärztliche“
467 1482 2403 1734 Tätigkeit. Die Tage sind so kurz!
562 1611 2113 1885 Abend: Schach m. Hrn. Besser.
407 1689 4097 1989 6. Mai. Dr. Janensch's Zustand wieder schlimmer, nachm. Fieber
424 1914 3782 2119 bis über 40°. Vorm. Angeblichen neuen Knochenfund
440 1973 4076 2247 besichtigt, ¾ Std. vom Lager auf d. Wege zum Kerani Ligoma.
456 2163 3477 2410 Nur rundliche Steine, eins jedoch verkieseltes Holz.
588 2315 3856 2624 Nachm. D. großen Knochen im Graben ganz aufgedeckt,
427 2445 3958 2811 sehr gutes u. interessantes Stück. Schach m. Hrn. Besser.
569 2647 3864 2955 7. Mai. Sah morgens im Graben, wie ein Schwarzer
434 2808 3908 3154 beim Hinabklettern den Schaufelstiel mit d. opponier„
401 2952 3977 3275 baren großen Zehe umklammerte u. daran festen Halt
417 3156 3769 3492 hatte. Neuen Graben dicht beim ersten u. senkrecht
412 3323 3869 3645 dazu begonnen, da wir im alten auf d. liegenden
437 3515 3960 3766 Tone gestoßen sind u. ich mich nicht berechtigt fühle,
411 3730 3959 3948 unsre Arbeitskräfte zum Graben nach andern Fossilien,
387 3865 4085 4116 als Sauriern (im Allgemeinen) zu verwenden. Dr. Janensch
380 4092 3917 4279 erfährt noch nichts von alledem. Nachm. d. Knochen abge„
387 4196 1830 4480 zeichnet. Abd. Schach.
629 4373 4089 4632 8. Mai. Vorm. An unsrer Quelle, Doanika-Bach, ca 20 Min.
338 4543 3921 4792 v. Lager sehr fossilreiche Schiefer u. gute Profile entdeckt.
362 4727 3981 4933 Im Graben kommen in einem abgehauenen u. zerfallen„
