4324 5213
3756 200 3985 347 85
445 232 3968 520 durchsucht ohne Erfolg. Kamen zuletzt in die Mbenkuru-
472 376 3090 658 Ebene hinab, die hier anscheinend von der
2845 374 3129 496 nach N.
3041 375 4078 632 untertauchenden
511 538 4127 788 2ten Stufe der Saurierschichten gebildet wird u. auch wieder
491 723 3791 957 bepflanzt ist im Gegensatz zu dem Zwischenstück nach
452 830 3836 1124 Nanundo zu, in dem d. groben Sandsteine anstehen.
474 1046 3974 1224 Hier zahllose Spuren von Barappi u. Ndogolo, aber nur 1 Mba-
492 1203 4053 1400 wala u. 1 Puduka gesehen. Zu meinem Ärger versagte beide„
482 1344 3916 1580 male d. Gewehr, erst als ich wütend dem entfliehenden
475 1514 3817 1733 Puduka nachfeuerte, ging d. Schuß los, aber natürlich
489 1689 4100 1928 ohne Erfolg. Der Trigonien-Horizont ungemein reichhaltig,
491 1817 4111 2102 aber nichts neues, nur schienen mir d. Exemplare kleiner
324 2039 3926 2246 als bei uns. 1 Mann, den ich an's andre Ende v. Mtapaia
475 2143 3914 2408 gesandt hatte, wo ich früher Trigonien sah, brachte schöne
481 2266 3465 2561 große Stücke, darunter auch eine prächtige Pectinide.
685 2440 3979 2716 Um 11 zurück, sehr heiß. In einem Graben ein hübscher
483 2585 2839 2879 zarter Knochen, wahrsch Vogelextremität.
670 2762 3977 3006 Abd. entfloh der Hundsaffe, dessen Schnur sich gelockert
481 2925 3971 3159 haben mußte, anfangs von mir unbemerkt, da ich den
476 3034 4069 3289 losgebundenen Kima, der jenem offenbar folgte, zurück„
491 3199 3949 3429 holte. Er schien sehr unangenehm überrascht von dem Be„
477 3341 4056 3587 nehmen seines Vetters u. schloß sich augenblicklich zärtli„
449 3531 4053 3820 cher an mich an; er ist verblüffend sympathiebedürftig.
628 3690 3880 3964 In Mtapaia beim Aufbruch zum ersten Male Brummen von
423 3857 1294 4123 Löwen gehört.
657 4130 1047 4290 5. Oct.
771 4015 981 4157 Nov
997 4009 3750 4306 Morgens in d. Schamben ein Mbawala geschossen,
442 4223 3327 4436 der Länge nach von vorn bis hinten durchbohrt.
554 4351 3775 4609 Gute Erfolge in den Gräben. Teilweise bewölkt, aber
467 4471 4008 4724 die Sonne fast garnicht verdeckt. Boheti erkrankt wiederum.
632 4677 1008 4876 6. Oct.
829 4651 972 4753 Nov
957 4602 3809 4878 Morgens eine Stunde bewölkt, dann den ganzen
432 4784 3700 5031 Tag gänzlich klar. Dennoch schien mir die Luft heut
