4324 5213
417 184 529 354 58
446 228 3826 521 Knochen herausgewittert sind, nimmt Janensch
430 396 3905 703 zu meiner Freude jetzt mit je 2-3 Mann in
437 582 3815 883 Angriff in d. richtigen Erkenntnis, daß bei dem
437 696 3859 1053 hiesigen Tempo der Zeit es leicht plötzlich zu
423 920 1597 1222 spät sein könnte.
540 1039 3814 1337 18 Aug. Morgens allein auf d. Tendaguru. Starker
385 1235 3757 1496 Wind, die Luftschwankungen bleiben sich aber
423 1457 3870 1692 täglich so lächerlich gleich, daß sich die Kurve der
467 1626 3963 1874 vorigen Woche mit der heut gestern neu begon„
488 1792 3680 2040 nenen fast vollkommen deckt. Unweit des
497 1977 3481 2290 Lagers wurde eine Elen-Antilope gesehen.
575 2235 3899 2443 19. Aug. Die Barappis werden mittags um 12 am Wege nach
464 2383 2338 2659 Lindi gemeldet. Vergebliche Streife.
224 2535 3836 2832 Sonntag 22. Aug: Morgens zur Verfolgung der Barappi's aufgebrochen.
447 2652 3956 2957 Weit über den Maimbui hinaus. Nach vielleicht 5 Std. kam ich zum
466 2807 3976 3108 Schuß, wollte Hals treffen, da Blatt durch einen Baum verdeckt,
481 2966 3404 3292 traf aber natürlich doch den Baum. Um 12¼ zurück.
635 3081 3963 3474 20. Aug. Barappi's verfolgt über Maimbui hinaus, aber Spuren
525 3299 3380 3594 bald verloren, schoß zwei starke Warzenschweine.
639 3384 3919 3747 21. Aug. Viel feiner Regen u. kühle Temperatur (morgens
468 3569 3906 3926 8 Uhr 27°, um 12 Uhr 22°). Recht gemütlich, wie auf Sommer„
464 3868 866 4133 frische.
697 4055 3980 4348 Nachm. Gobineau „asiatische Novellen“ ausgelesen, die mir daheim
457 4204 3754 4507 kaum behagen würden. Doch imponierte mir sehr seine in
471 4409 3724 4659 der Einführung gut geschilderte Lebensgeschichte. Zu meiner
467 4514 3919 4856 Verwunderung finde ich in ihm den Vater des Chamber-
483 4674 3886 4987 lain'schen Hauptgedankens u. meine, daß Ch. das mehr hätte
