4324 5213
3621 124 3760 292 55
636 233 4085 446 Strindberg gelesen. Eine Sammlung von Unflat u. Stumpfsinn,
579 354 3839 566 keine Handlung, kein Gedanke, keine Schönheit. Aber auch er
557 458 1942 706 findet seine Anhänger!
444 945 4096 1190 Sonntag d. 8. August: Wollte morgens einen größeren Jagd„
465 1144 4015 1345 ausflug unternehmen, fühlte mich aber gestern u. nachts
457 1279 4093 1522 nicht ganz wohl (wieder Verdauungsstörungen) Um 8 ging
434 1468 3979 1718 ich dennoch, da die Luft sehr zum Gehen einlud u. ich
458 1616 4033 1838 im Lager nicht lange ruhen mag. Wollte es anfangs
443 1816 3882 2038 wieder aufgeben, wurde jedoch weiter u. weiter
487 1923 3878 2208 getrieben. Den Mtapa-Bach abwärts, dessen trockenes,
430 2115 3870 2405 sandiges, breites Bett in dem noch dichten Grün
435 2245 3825 2499 den Eindruck eines Laubenganges machte, aber
461 2405 3847 2700 gleichzeitig jedes Abweichen verhinderte, sondern
464 2513 3869 2840 uns zwang bis zur Barrabarra zu folgen. Schopf„
451 2663 4049 3026 perlhühner verfolgt u. erlegt. Mächtige Profil-Anschnitte
473 2815 4046 3105 in (knochenlosen) Saurierschichten. Recht müde, legte mich
461 3002 2619 3349 vorsichtshalber vor Tisch zu Bett.
800 3241 2061 3529 Nachm. Lager-Siesta.
575 3369 3791 3710 Dienstag d. 10. August: In d. Nacht ziemlich kräftiger
500 3543 3798 3802 Regen, der sich im Zelte noch heftiger anhörte. Böse
490 3692 4045 3963 Bilder störten mir die Nachtruhe: in d. Gräben stehen
491 3790 4040 4073 auf ihren Sockeln noch so viele gute Knochen, sollten
481 3950 3855 4306 sie herabgewaschen, zerstört werden, ohne daß ich zu
491 4063 4043 4419 Hilfe eilen konnte, sollte die Frucht von Monaten
506 4228 4058 4513 verderben? In aller Frühe stand ich auf u. ging zu den
512 4412 4069 4652 nächsten Gräben. Alles in gutem Zustand, d. Wasser ist von
492 4514 4006 4801 d. trockenen Boden gierig eingesogen worden u. hat
485 4659 3751 4971 auch im Fallen kein Unheil angerichtet. Es regnet
