4324 5213
341 184 540 357 10
397 194 3927 464 d. Leute 6-2. Viel mitgegraben u. herauspräpariert. Sehr
414 381 1896 627 ermutigender Anfang.
716 487 3804 728 Noch immer die täglichen Nachmittagsregen, sonst
454 682 3477 880 angenehmes Wetter. Nachm. im Lager. Abrechnungen.
528 857 3886 1049 21.IV. Vorm. Grabarbeiten. Den v. Dr. Janensch am ersten Tage ent„
407 971 3306 1167 deckten Schädel(?) aus einem Wasserriß südl. d. Lagers geholt.
650 1009 3895 1304 Nachm. In d. Augenblick, als ich m. Sattler zu einem kl. Jagdausflug
407 1198 3841 1485 aufbrechen wollte, ging ein heftiger Regen nieder, der es ver„
378 1431 826 1592 eitelte.
480 1484 3641 1735 22.IV. Morgens im Schürfgraben zwei neue ganz unverletzte
374 1565 3725 1883 Armknochen aufgedeckt. D. erste Exemplar kommt ebenfalls
386 1752 3747 2007 immer vollständiger, aber weniger unversehrt heraus.
436 1889 3974 2213 Ein Hundsaffe trabte zwischen dem Lager u. d. Arbeitsplatz
418 2049 2716 2307 umher, bis ihn Herr Sattler erlegte.
600 2182 3930 2415 Nachm. Mit Sattler u. Janensch auf d. Gipfel d. Tendaguru.
393 2294 3755 2558 Wir haben dorthin einen bequemen Fußpfad anlegen
405 2462 3911 2703 lassen. Eine wundervolle Warte. Abrechnungen im Lager.
547 2631 3996 2841 23.IV. Täglich werden noch neue Arbeiter eingestellt. Wir
425 2767 3918 3037 haben jetzt 60 Mann, deren Frauen u. Kinder im Lager
426 2871 2856 3111 leben. Es entsteht ein kleines Dörfchen
586 2939 4043 3189 D. Aufsicht bei d. Grabungen ist fast überflüssig, die Leute arbeiten
419 3139 3844 3386 sehr sorgfältig u. mit gut angebrachter afrikanischer Ruhe. Auch
410 3290 4026 3492 können wir uns auf Boheti verlassen. Dr. Janensch hat seinen
369 3400 3989 3627 Arbeitstisch draußen aufgeschlagen. Ich gehe daher heut nur gelegent„
378 3536 3881 3832 lich hinaus. Die an d. neuen Fund geknüpften größeren Erwartungen
351 3715 2295 3977 rechtfertigen sich nicht, er bleibt vereinzelt.
620 3744 3900 4038 Besuch des Liwali (Akiden) Sadallahan d. Fundstelle u. im Lager.
382 3997 1285 4210 Bornhardt studiert.
573 4012 3906 4335 Nachm. Einen neu gemeldeten Knochenfund 10 Min. vom Lager
401 4163 3824 4501 in hohem Grase besichtigt. Wohl d. größte bisher gefundene Schenkel„
423 4337 3927 4590 knochen (ca. 1,70 m. lang) in guter Erhaltung, desgl. Wirbel u. zahlreiche
421 4469 3937 4730 Bruchstücke. Dann wiederum auf d. Gipfel, wo etwas gerodet
447 4637 3897 4852 ist. Schöner Blick auf d. regenschwere Landschaft. Mit Sattler über d.
467 4751 3952 4981 S.W.-Abhang hinab. Auf halber Höhe kleiner Knochenrest, scheint mir
