4324 5213
296 239 539 437 114
673 188 3930 563 26. Dez. Zu Bett geblieben. Begonnen Frenssen:
595 438 2059 722 „Klaus Hinrich Baas“.
731 560 4024 944 27 Dez. Aufgestanden, aber noch geruht. Appetit gering,
613 744 3370 1106 zuweilen innere Hitze, aber kein Fieber.
780 930 3942 1205 28 Dez: Frenssen beendigt. Mir gefällt sein starker,
646 1074 3937 1481 schlichter Stil, seine zahlreichen gut beobachteten Por„
644 1263 4016 1587 träts u. manche wundervolle Landschafts-Stimmungs-
624 1447 3983 1775 Malerei. Er hat sich gehörig in Welt und Leben umge„
646 1606 3823 1943 tan. Mich stört ein wenig, wie schon in Hilligenlei
623 1790 3869 2131 das sehr stark sinnliche Beiwerk, obwohl es bei ihm
659 1902 3861 2264 durchaus natürlich u. nicht gemacht ist, u. obwohl er
627 2103 3903 2469 sich damit nur gegen die ihm ganz, mir mindestens
672 2259 3893 2625 halb falsch erscheinende Behandlung der geschlechtlichen
640 2468 3915 2782 Beziehungen in der heutigen Gesellschaft auflehnen
645 2623 3900 2986 will. Aber bei ihm ist schon das ganze Kinderleben
647 2843 3871 3110 voll davon, u. das erscheint mir unwahrscheinlich
669 2983 4007 3355 zumal bei seinen kernechten Norddeutschen. Und dann
686 3207 3820 3510 erregt meinen Widerspruch sein Feldzug gegen den
654 3371 3955 3656 unpraktischen „Idealismus des Deutschen“, der dem Men„
663 3547 3988 3865 schen nicht schon in der Schule graue Alltagsbilder bie„
676 3758 3724 3987 tet. Muß denn immer Alles in Realismus u.
668 3960 4082 4186 Idealismus als feindliche Welten gespalten werden?
654 4176 3966 4436 Gewiß sie streben auseinander, aber sie gehören
626 4291 3219 4578 auch zu einander wie Mann u. Weib.
948 4435 3814 4752 „Peter Moor's Fahrt nach Südwest“ vom selben
612 4680 1665 4915 Autor begonnen.
