4324 5213
300 186 468 364 28
365 187 3693 421 er, es wäre töricht von einem Menschen ein solches
378 341 3670 576 Versprechen zu geben. Die Antwort war jedenfalls
349 463 3189 718 verständiger als die schulmeisterliche Frage.
620 609 3967 854 Abd. m. Dr. J. zur Quelle, dann auf d. Tendaguru; tags„
379 833 3741 1047 über wieder regendrohend. Beim Rückweg herrlicher
351 942 3960 1198 Mondaufgang. Von d. heutigen Mondfinsternis nichts
348 1203 1017 1390 bemerkt.
514 1239 3723 1567 5. MaJuni Dickens „Die Pickwickier“ begonnen. Posho-
441 1498 3958 1788 Zahlung; Schach m. Dr. J. Abend Pombe-Fest u. Ngoma.
188 1687 3739 1969 Sonnt. 6 MaiJuni Beim Erwachen, wie zuvor um 3 hörte ich noch
400 1812 3841 2102 immer die Trommel u. d. eintönigen Negergesänge.
401 1970 3895 2267 In d. Meinung, einige radaulustige Brüder störten den
402 2125 3747 2375 Übrigen d. Schlaf, schickte ich hin u. befahl aufzuhören.
408 2289 3972 2631 H Kein Erfolg, ein zweites Mal ebensowenig. Höre mit
431 2479 3980 2822 Erstaunen, daß ein alter Aufseher dabei ist, zitiere ihn
417 2637 3842 2960 an's Bett. Schließlich mußte ich lachen, als ich hörte,
388 2788 3800 3121 daß sie in ihrem Taumel nichts gehört hätten, daß
407 2940 4007 3287 alle „Würdenträger“ teilnahmen u. daß jeder Einzelne
368 3122 4003 3452 erklärte „siwezi, siwezi“ (ich kann nicht mehr), daß aber
389 3319 3907 3620 niemand ein Ende fände. Ich erlaubte nun weiter„
371 3474 3819 3788 zu trommeln bis sie umfielen, falls morgen die
379 3634 3865 3943 Arbeit nicht darunter litte. In der Tat dauerte es
387 3804 3904 4080 noch bis 9. Ich machte einige Aufnahmen. Außer dem Trom„
376 3982 3695 4305 mel- u. Tanzhaufen saß noch eine Gruppe, die lediglich
352 4109 3754 4438 lange Bambusröhren mit Holzklöppeln schlugen, dazu
361 4272 3968 4552 Tanzrasseln an Händen oder Füßen Einiger. Es verblüffte
346 4463 3583 4730 mich unsere Honoratioren bei einem derartigen
326 4612 4010 4880 12-stündigen Stumpfsinn zu erblicken u. unsern Koch, einen
