4324 5213
363 192 538 410 96
528 250 3709 494 1 Dez. Wie am 1 Mai beginnender Herbst, so heut
505 426 3898 729 Einzug in den üppigen Tropensommer des Küsten„
536 537 3893 801 landes. Wunderschöner Weg durch reiche Vegetation.
539 723 3927 1043 Aufstieg auf d. Kitulo, keinerlei Nummuliten gesehen.
517 851 3643 1176 Fand zu unterst, aber auch in Blöcken bis zur Höhe,
510 1036 3925 1323 weißlichen Sandstein, der an Kanten u. Flächen rot
515 1184 3823 1443 verwittert u. von mir, wäre ich unbefangen, zu
516 1320 3896 1625 d. Makonde-Schichten gerechnet worden wäre. Dann
511 1516 3586 1809 splittrige, sehr feste Sandsteine, eine Zone voller
467 1690 3820 1924 Schieferbrocken u. endlich löcherig-zerfressenen
481 1789 3692 2099 Kalk. Blick auf d. See. Am Telegraphen entlang,
487 1945 3774 2251 bis plötzlich Lindi u. seine Bucht tief unter uns
501 2143 3625 2410 lag. Ließ hier warten, um in geordnetem
547 2314 3694 2616 Zuge einzuziehen. Nun steil hinab. Welche Pracht!
495 2467 3789 2721 Die Fülle der blanken, feingeschnittenen Palmen„
544 2665 3582 2957 wedel, durch die Seewind und Wogenrauschen
522 2782 3941 3091 weht, darunter die schmucken Europäerhäuser, Rinder,
576 2978 3916 3309 Ziegen. Dann das Inderviertel mit seltsamen bun„
550 3123 3780 3405 ten Trachten. Vorüber an der ganz in viollette
559 3293 3827 3603 Bougainvillea-Blüten getauchten Markthalle, die
601 3498 3967 3767 zum Aquarellieren reizte, durch d. breiten, graden,
548 3655 3671 3928 wohlgepflegten Straßen zum Usagara-Haus unter
544 3822 2721 4095 rhytmischem Gesang der Wangoni.
758 3955 3904 4244 Erhielt hier zwei luftige geräumige Zimmer mit
636 4118 3777 4342 Blick in Palmen und auf die Bucht, stellte die
631 4340 3598 4564 Lasten unter u.  tauschte nach 7 Monaten
614 4482 3569 4749 den Khaki gegen die weißen Anzüge ein.
724 4668 3634 4935 Nachm. auf der Boma beim Bezirksamtmann d.
