4324 5213
352 279 610 441 116
637 190 3900 569 aus sachlichen „Bedenken“. Er hat sogar Zeppelin
609 437 3981 765 vorgeworfen, daß er nicht „vorsichtig“ genug gear„
618 580 3998 864 beitet habe. Wo wären unsere Luftschiffe bei solchem
626 779 3004 1102 Ballast! Poscho- u. Lohnzahlung.
945 921 3842 1254 Sylwester durch Sekt u. Gänseleberpastete beim
662 1057 3906 1419 Abendbrot angedeutet. Wie immer um 8 zu Bett„
882 1375 3952 1766 Das alte Jahr verlasse ich mit herzlichem Dank.
674 1589 3844 1952 Ich habe wieder eine ganze Reihe neuer Segel
692 1730 4060 2110 aufspannen können u. guten Wind, echten schönen
691 1944 4005 2275 Seewind hineinbekommen. Alles ist nach Wunsch
698 2108 3909 2430 gegangen, viele Erwartungen sind weit über„
661 2272 3921 2577 troffen worden. Daß bei so starker Aufnahmetätig„
672 2460 3928 2782 keit die Produktion gering war, ist vielleicht kein
732 2597 3873 2958 Schade, obwohl es auf mir lastet. Auch meine
761 2757 3784 3130 Brüder haben neue Wege eingeschlagen u.
730 3043 3887 3281 sind zufrieden. Die Meinen werde ich im neuen
739 3170 3894 3465 Jahre noch nicht wieder sehen, doch sehe ich ihm
746 3320 3906 3662 mit freudigem Vertrauen entgegen u. erhoffe
746 3481 3177 3843 auch alles Glück u. Gute für Jene.
