4324 5213
3803 178 3940 300 67
485 230 4095 477 16. Sept. Fundort b. Mtapaia besichtigt, am dortigen Wasser aquarelliert,
427 472 4123 635 eine reine Freude ist's freilich nicht in Sonnenglut u. -glanz u.
425 529 4117 754 in der Nachbarschaft von Stechfliegen. Fühle mich aber wieder
467 671 4032 963 ganz bei Kräften. Nahe Graben VIII kommt allmählich ebenfalls
451 812 4119 1083 ein großes Skelett zum Vorschein; heut riesige Scapula (ca. 2 m) u. Hume-
462 1050 677 1229 rus.
498 1044 4024 1359 17. Sept. Dr. Janensch geht energisch an's Abheben u. Verpacken u. ich
463 1200 3905 1562 gestehe gern zu, daß er es recht zweckmäßig macht. Nun ist zu
449 1337 3406 1684 hoffen, daß auch alle Funde zu retten sein werden.
604 1488 3850 1787 Mit Ali in d. alten Schamben gegangen, 2 Perlhühner auf
451 1719 1537 1958 einen Schuß erlegt.
627 1799 2739 2073 Abds. m. Janensch auf d. Tendaguru.
537 1931 4145 2237 18. Sept. Wieder nach Mtapaia, diesmal zu beiden Seiten der
382 2150 4057 2369 Wege, jedoch nichts von Knochen gefunden. Dagegen liegt in
402 2299 4008 2514 der Nähe d. Arbeitsplatzes noch recht viel. Das große Femur
408 2434 3928 2693 in Graben II endlich freigelegt, Länge nur 1,70, wir hatten's
435 2622 2061 2862 auf mindestens 2 m. geschätzt.
759 2731 1818 2994 Nachm. Poscho-Zahlung.
645 2826 4019 3145 Südlich des Lagers in einen bisher nicht betretenen Teil
516 3000 3950 3279 des Waldes bis zum Plateaurande vorgedrungen. Fand hier,
521 3147 3908 3446 wie Dr. Janensch neulich an andrer entsprechender Stelle,
498 3317 3902 3611 Oolith, hier unterlagert vom Trigonien-Konglomerat,
516 3508 3856 3755 in dem auch einige Austern mit prächtig gezacktem
558 3645 2337 3936 Rande saßen. Kein Wild.
738 3806 2000 4085 Abds. Post beendigt.
490 3950 3978 4224 Sonntag d. 19. Sept.: Um 4 aufgestanden, um am Lilaj-Flusse
499 4131 3900 4381 oberhalb Kindope Barrappi zu jagen, aber da ohne Führer,
483 4328 4097 4489 die Wasserstelle nicht gefunden. Wir gerieten an ein kleines
485 4451 4104 4661 Tal mit malerischen Schamben (schon zu Kindope gehörig). Die Leute
465 4634 3951 4845 wollten aber noch nicht zu dem nahen Flusse gekommen,
438 4795 3738 5001 sein, was entweder gelogen ist oder von unglaublichem
