4324 5213
254 191 474 363 86
561 182 3782 417 auffallend mild, obwohl mittags garkein Wind ging
484 299 3743 644 u. d. Thermometer auf die übliche 32 kroch. Es freut
482 472 3801 802 mich, daß ich die Hitze so gut vertrage und ständig bei
506 623 3580 880 den Gräben herumlaufen kann. Wieder mehrere
501 737 3853 1053 gute Funde. Janensch kommt noch immer nicht.
542 912 3790 1167 Nun ist er sogar im Ganzen länger vom Tendaguru
494 1093 1265 1389 fort als ich.
748 1157 4028 1509 Poscho-Tag. Abds. Zum Graben des alten ehrlichen Seliman,
477 1356 3774 1588 der mit wahrhafter Begeisterung die heutigen Funde
463 1459 3295 1776 geschildert hatte, finde mich danach enttäuscht.
685 1611 3832 1937 Ethnol. Arbeit. Thackeray „Jahrmarkt des Lebens"
466 1751 3828 2032 ausgelesen. Eine recht erfreuliche Lektüre. Zwischen all
459 1874 3888 2164 den derben und guten Späßen blickt doch ein ehrliches
480 2067 2492 2376 Gesicht u. ein klares Auge durch.
686 2176 3886 2464 Sonntag d. 7. Nov. Wollte Knochen auf d. Wegen nach Mtapaia
470 2352 3840 2635 besichtigen u. Barappi's am Lilomba suchen. Ging früh mit
470 2453 3805 2782 2 Mann (1 Boy konnte nicht gehen, d. andre war auch krank) durch
480 2627 3891 2952 die Schamben, um d. Weg abzukürzen. Sah 1 Puduka, wandte
472 2780 3918 3044 mich nach dem Gewehr um, u. als ich schußfertig war, stan„
482 2904 3772 3212 den nur 3 Schweine da. Anscheinend gefehlt, wollte mich
515 3078 3631 3358 nicht mit Verfolgen aufhalten, wurde dann aber durch
546 3215 3885 3495 2 Barappispuren abgelenkt u. solange irregeführt, bis es Zeit
529 3324 3959 3673 zum Umkehren war, ohne daß ich zum Schuß gekommen war.
549 3446 3908 3800 Etwas ärgerlich, wozu noch das Ausbleiben der Post beitrug.
620 3636 3603 3932 Wenigstens kam Janensch gegen Mittag zurück.
528 3777 3857 4003 Morgens im Busch überrascht durch plötzliches Erblühen der
481 3955 3765 4186 kleinen  Dornranken, die seit längerer Zeit
492 4078 3871 4344 als Erste aufgeschossen sind u. sich ständig sehr unangenehm
501 4213 3934 4443 bemerkbar machen, da sie so fein sind, daß man sie leicht
513 4368 3894 4619 übersieht, u. außerdem mit beiden Enden befestigt sind.
495 4480 3992 4788 Heut boten sie mit den dichten weißen Büscheln wie Flieder
462 4648 1435 4902 ein hübsches Bild.
