4324 5214
3675 198 3813 300 43
470 183 4024 469 auf Mbawala-Jagd, nichts gesehen. Ein prächtiger Ort!
457 383 4052 581 Löwen noch immer in großer Nähe, doch z. Z. un„
496 436 3893 801 gefährlich (2). Abd. Steine geordnet, wie ich höre, ist der
2116 565 3885 774 Boden im Tal gut wasserdurchlässig
508 606 3958 924 23. Juli 09. Ab Matapua (nach gänzlich löwenfreier Nacht; schade!) 5¾
415 871 4121 1082 begleitet vom Nachbarjumben, dessen Dorf u. Barrabarra viel weniger ordent„
422 1017 4014 1234 lich aussahen. Nach seiner Angabe teilt sich der Mtshingiri vor d. Ort. in
433 1144 4059 1349 einen Hauptarm Matapua u. einen rudimentären Mtshingiri, die sich
411 1224 4121 1549 unterhalb an d. Barrabarra wieder vereinigen. Links Steilwände
407 1422 3883 1688 v. hellgelblichem, gut geschichtetem, horizontal gelagertem Gestein,
409 1489 4037 1752 erst weiter unten (anscheinend dasselbe zugänglich u. hier wohl
405 1736 4088 1923 über jenem andern Sandstein lagernd, in dem ich auf d. andern
436 1823 3924 2080 Ufer (in größerer Höhe) gestern Fossilien fand. Ich würde,
421 1930 3945 2160 eine Verwerfung vermuten, die ja auch durch d. Bildung
420 2093 3973 2335 des Talkessels (mindestens einmal) gefordert wird. Sodann
429 2262 3800 2501 d. Mtshingiri noch 2mal überschritten, hinauf z über
418 2371 3918 2704 einen Hügel Chundu, wo anscheinend viel Wild (auch Bundju-,
416 2555 4120 2830 Ndogolo- u. a. Fährten); dann über d. Mangoma nach Mtarika.
406 2690 4050 2937 Leider eine Std. Aufenthalt, weil d. Träger f. Essen vorsorgen
413 2876 4013 3126 müssen. Weiter auf d. Weg nach Makumba über Hügel, die
477 3031 4126 3215 zum Lande Miangara gehören, aber nur den gleichbleibenden,
411 3179 4031 3392 harmlosen Sandstein enthalten. Leider hatte ich nicht direkt
468 3275 4027 3594 gehen können, weil niemand den eingehenden Weg
472 3435 3712 3708 zu kennen schien. Auch jetzt saß ich nach einer Std
472 3609 3843 3843 abermals fest u. konnte nicht herausbringen, wo u.
433 3705 4130 3965 wie weit d. einzelnen Orte u. Wege seien. D. Leute schienen
446 3839 4116 4188 erstens den berüchtigten Abenteuer-Europäer in Makum-
404 4064 3853 4271 ba, zweitens d. dortige Krankenkolonie zu fürchten,
412 4116 3903 4435 drittens sehr dumm zu sein. Als ich hörte, jenseits d.
409 4270 4016 4549 Mbenkuru sei eine barrabarra u. ein Dorf, entschloß ich mich
411 4424 3943 4719 dort zu bleiben, obwohl ich so einen Tag verlor. D. Fluß
424 4611 4076 4876 wurde durchwatet, es folgten Schamben, dann eine Anhöhe
