4324 5213
334 233 593 427 106
550 312 3955 612 die Grabungen fast gänzlich eingestellt, damit wir
595 482 3823 810 mit dem Abheben u. Einpacken fertig werden
548 768 1188 949 können.
652 826 3996 1110 Abends beim Zubettgehen Kopfschmerz u. Fieber,
625 1020 3971 1361 wenn auch sehr schwach (37,7°). Ich schlief über dem
594 1229 3822 1497 Messen ein u. konnte d. Zahl mit Bewußtsein
661 1418 2621 1690 erst am andern Tage messen
2109 1363 2649 1515 ablesen
2578 1331 3918 1622 , als bereits alles
664 1628 1571 1838 vorüber war.
881 1724 3549 2081 10 u. 11. nicht allzuviel herumgelaufen.
729 1875 3821 2245 Sonntag d. 12. Dez. Vorm. Lutamba-See nach
622 2173 3921 2525 Bleistiftskizze u. Erinnerung in Öl gemalt; ein
662 2286 3969 2687 ganz hübsches, buntes Bild, aber nicht der Lutamba-
645 2607 981 2830 See.
875 2709 3857 3000 Regen u. damit für dies Jahr Beginn der
638 2881 3767 3196 Regenzeit. Wetterleuchten. Nachm. Raabe gelesen.
926 3058 3831 3336 13. Dez: Vorm. in d. Schamben einen schönen
697 3202 3712 3560 großen, weißen Adler mit starken Fängen
691 3469 1271 3738 geschossen.
935 3561 3908 3881 Gegen ½12 Ankunft des erwarteten Dr. Wolff
678 3731 3726 4015 aus Lindi, der auf ärztlicher Inspektionsreise
679 3861 3802 4201 hier Besuch abstattet. Zeigten ihm unsern bis„
606 4025 3683 4374 her größten Knochen (Humerus 2,10 m.) im
610 4221 3710 4528 Kitukituki-Bache; alles andre ist fast schon
658 4449 1332 4654 unsichtbar.
931 4574 4002 4893 Nach Tisch Wilh. Raabes „Eulenpfingsten“ ausgelesen,
