4324 5213
3846 204 4041 358 33
610 260 3921 483 28. Juni: Morgens auf Jagd gegangen. Ein größerer Platz
468 438 4000 597 auf d. Wege zum Maimbui ist mit Schottern der Mikindani-
448 562 3847 807 Schichten besät u. trägt nur niederes Gras. Ich hatte mich
450 674 4167 880 nicht getäuscht u. sah ein Wildschwein, einen Hasen, 3 Rebhühner,
456 767 3956 1036 u. hörte ein Barappi, dessen Spur ich verfolgte, dicht vor
443 889 3977 1202 mir im Pori; konnte es aber nicht wiederfinden u.
459 1015 4108 1301 in d. ersten 3 Fällen hatte ich regelmäßig grade d. falsche
441 1169 3966 1454 Gewehr in der Hand. Hier u. in weiterer Umgebung
469 1279 4171 1617 sah ich ferner zahllose, z. T. ganz frische Spuren von Schweinen,
448 1443 4046 1732 Ngorombe-Antilopen u. Barappis. Jedoch in summa: keine
463 1574 3828 1840 Beute. Da es wieder ganz bedeckt war, geriet ich
433 1700 3809 1994 kaum in Schweiß, es war ein prächtiger Morgen.
576 1891 3977 2129 Im Graben II kommen zahlreiche interessante Knochen
416 2050 3996 2282 u. einige sehr schöne Zähne von einem uns noch unbe„
433 2131 4119 2396 kannten Tier zum Vorschein unter Boheti's geschickter Hand.
592 2342 4009 2573 Abend: auf d. Tendaguru Kugelsandstein-Konkretionen
474 2403 3417 2762 abgeklopft. Erfreulicher Fossilreichtum. Schach.
607 2534 3946 2907 29. Juni: Post trifft nicht ein, wir müssen wieder
460 2862 1359 3106 Geduld üben.
748 2851 4088 3153 Salim's Arbeitsplatz im Norden entpuppt sich mehr und
489 3039 2448 3340 mehr zu einem Schatzkästlein.
731 3107 4089 3403 Abend m. Dr. J. auf d. Tendaguru; wieder geklopft. Schach.
569 3357 4031 3628 30. Juni: Vorm. sehe ich an einer Arbeitsstelle sandige, gut
390 3475 4040 3835 spaltende Schiefer, die in mir den Verdacht nach Fischab„
388 3638 4014 3900 drücken erwecken. Finde statt dessen einen kleinen
373 3780 3998 4093 Unterkiefer, wahrscheinlich von einem Säuger. Nach einem
404 3910 3980 4219 Ausspruch von Branca hätte ich damit das große Los ge„
390 4023 4146 4310 wonnen. Auch Dr. J. ist hoch erfreut: Ferner Muscheln darin.
658 4247 4019 4482 Nachm. Lohnzahlung u. andern Angelegenheiten von 2-6 Uhr
459 4404 4038 4672 ohne Pause. 5 Wayao's wollen Arbeit mit d. Begründung, sie
433 4536 4096 4844 seien einen vollen Monat zu diesem Zweck hermarschiert.
448 4712 4073 4951 Auf meine Frage, wer sie geschickt habe, erfahre ich, sie hätten
