4324 5213
356 234 511 382 76
482 275 3864 586 4 Oct: Morgens in d. Schamben Puduka geschossen. Mir fällt auf,
572 510 2185 705 daß die Weibchen von Puduka
1767 472 2257 593 Mbawala
2140 472 3874 697 u. Barappi Gehörn tragen, von
548 646 1723 889 Ngorombwe u. Puduka
1313 603 1812 733 Mbawala
1678 624 3124 840 dagegen nicht. Oder irre ich?
693 782 3886 966 Im Quell-Bachbett (Doanika) die Schiefersandsteine mit schön er„
545 891 3008 1188 haltenen u. zahlreichen Fossilien ausgebeutet.
657 1019 3956 1294 Stanley „Wie ich Livingstone fand“ begonnen. Der Inhalt ist, was
557 1241 3764 1520 ich suchte, Stil u. Darstellung sind kunstlos u. enttäuschen.
484 1464 3983 1677 5 Oct. Im Doanika-Bach geklopft, erbeute einen großen Zahn, den
551 1629 2601 1872 Janensch als Crocodilier erkennt
437 1817 3906 2061 6. Oct. Vorm. mit Ali nach Mtapaia, neue Knochenfunde zu
541 1983 3772 2201 besichtigen. Wurde erst - übrigens zu meiner Freude, da
522 2077 3962 2354 interessante Bilder - durch den „Ort“, d. h. einige Strecken von
533 2270 3890 2547 Pflanzungen getrennt durch unbebautes Pori bis zum
510 2479 3906 2690 Karani geführt. Auf d. Wege Schwelle mit großen Expl. v.
512 2570 3934 2867 Trigonia Beyschlagii. Die Schwarzen hatten sie wohl gesehen, aber
532 2727 3897 2953 nie beachtet: „vitu tu bass“. Beim Karani photographierte ich den
514 2850 3819 3188 Hof mit bienenstockähnlichen Kornspeichern. Man führte mich
557 2992 3960 3318 nach W. weiter. Fundstelle im Pori mäßig, ein Baumstück
550 3137 3824 3453 nahm ich mit. Wollte schon umkehren, da spät u. heiß, hörte
560 3253 3827 3548 aber, d. 2. Fundplatz sei nicht weit u. ging. An 11 Mann
535 3435 3879 3790 hatten sich mir allmählich angeschlossen u. schwatzten laut.
538 3637 3864 3903 Auf eine Affenschar schoß ich, da sprang ein Mbawala auf.
522 3827 3793 4060 Ich schoß schnell, um es nicht durch d. Menge aufscheuchen zu
550 3953 4016 4211 lassen, traf aber zum Glück (im Angesicht so vieler Eingeborner)
543 4179 3902 4386 gut. Wieder wurde mir erzählt, daß d. Paviane Verwun„
528 4282 3876 4476 dete u. Tote forttragen u. vergraben oder wegwerfen.
488 4444 3960 4651 Ich weiß nicht, ob ich getroffen hatte, konnte so aber den Schein
486 4554 3854 4794 wahren. Die andre Knochenstelle schien einigermaßen aus„
476 4713 3977 4991 sichtsvoll, sie lagen mitten in einer Schamba dicht am Hause.
