4324 5213
335 220 503 394 64
642 300 3865 591 1. September. Höre gelegentlich eines Wirbelwindes dessen
481 488 3790 731 sehr zahlreiche Namen u. d. Sage, es befinde sich darin ein
485 619 4012 823 kleines Tier von etwa Spannlänge, über das ich nichts weiter
525 778 3974 1042 erfahren kann, oder eine sich windende Schlange oder aber
500 927 3879 1113 ein Mann mit 1 Bein, 1 Arm, 1 Auge, 1 Ohr u. s. w. Mein
506 1075 4039 1368 Gewährsmann gebrauchte nicht d. Ausdruck „halber Mensch“, was
498 1225 3877 1545 auch insofern nicht ganz richtig wäre, als auch d. Finger
496 1384 3841 1688 in der Einzahl vorgestellt wird. Recht humoristisch u.
497 1625 877 1882 hübsch!
662 1774 3737 2066 Neumayr's „Anleit. f. Forschungsreisende“, in das ich mich
509 2013 3810 2202 sehr vertiefe. Gern hätte ich manches schon zu Haus stu„
546 2099 3906 2383 diert; Janensch, der Gelegenheit gehabt hätte, ist eigentlich
522 2249 3887 2517 unverantwortlich unvorbereitet. Übrigens konstatiere ich
544 2437 3972 2747 m. Freude seit einigen Tagen energische Inangriffnahme,
523 2621 3913 2857 derjenigen Arbeiten, die in diesem Jahre am dringend„
474 2820 1406 3096 sten erscheinen.
740 2889 3940 3289 2. Sept. Morgens feiner Regen u. vorm. meist bedeckt,
529 3174 3685 3440 daher auch sehr angenehme Temperatur. Gern hätte ich
558 3268 3872 3574 heut mehr unternommen als Grabenaufsicht, aber die
588 3406 3727 3735 Verdauungsstörung verlangt unerwünschte Schonung.
738 3653 3980 3878 Skelett am Wege nach Mtapaia in Angriff genommen.
668 3832 3934 4085 3 Sept: Um ½4 aufgestanden, in den alten Schamben gejagt. Grade
552 3958 3791 4216 als ich ankam, wurde d. Mond verdeckt, so daß ich weder das
534 4094 3783 4346 schöne Bild recht genießen noch Spuren sehen konnte. Zum
557 4249 3883 4502 Schlusse nach mehreren Stunden stand ich mit Ali an einem Ab„
582 4381 3820 4644 hang, einige Perlhühner lenkten die Aufmerksamkeit auf
605 4491 3754 4765 sich, dann stand wie aus dem Boden gewachsen ein
615 4636 3863 4866 Barappi daneben u. trabte davon, ohne daß ich schießen
616 4837 3865 5005 konnte. Ging zu d. Arbeitsstelle bei Mtapaia, ein prächtiger
