4324 5214
384 258 639 415 136
817 416 3923 642 Schon um ¼10 sehr heiß, unbarmherzige Sonne u. grade
571 515 3663 824 in d. heißesten Mittagsstunden ganz windstill. Der
574 646 3932 974 Bahndamm glüht. Im Liegestuhl gefesselt bis Nachm. u.
587 803 3680 1128 hätte so gern etwas getan! Bornhardt studiert.
662 975 3902 1312 Jumbe Kondoa beim Zelte, kann (od. will) keine Träger
627 1168 2667 1472 stellen, daher Brief an d. Akiden.
792 1269 3731 1572 Abends ein Stück an d. Bahn nach O., kann aber des
605 1430 3784 1737 vermaledeiten Fußes wegen nicht bis zum Oolith
625 1689 1171 1896 gelangen.
851 1719 3652 2098 17.II. Um nicht so untätig zu sitzen u. d. Träger
645 1946 3837 2228 faulenzen zu lassen, das Zelt f. eine Nacht nach Panda
635 2030 3954 2324 mbili verlegt. Von Sattler empfohlen bis zur Barrabarra
655 2215 3917 2583 nach Msua zu gehen, kann es aber des Fußes wegen
685 2429 3668 2690 nicht, erwarte auch geolog. nichts hervorragend
670 2548 3885 2862 Neues, da Lagerung fast horizontal. Gute Aufschlüsse
674 2735 3937 2997 auch anderswo allenthalben. Früh an d. Bahn entlang
641 2905 3908 3190 bis zum sog. Jumben Ufuta, von ihm nach Panda mbili
662 3070 3952 3408 geführt. Unterwegs sein Töchterlein getroffen u. photogra„
659 3241 4014 3479 phiert. Eine wahre Augenweide in Haartracht u. reichem
658 3341 3984 3705 Schmuck, reizende Mischung aus Koketterie u. weiblicher
701 3580 2472 3868 Scheu. Hätte sie gern gemalt.
919 3684 3797 3998 Im Zelt Besuch das alten Jumben in großer Begleitung.
716 3835 3845 4101 Nachm. Fossilien geklopft, dann zur Ngoma u. Pombefest
724 4011 3785 4287 auf einem geräumigen Gehöft ¼ Std. vom Lager. Höchst
725 4161 3882 4393 ursprünglich u. teilweise schön (Brief an Mama), ich mußte an
749 4320 3957 4606 Cook's Beschreibungen denken. Der alte Jumbe machte mich
731 4460 3966 4743 besonders aufmerksam, wenn geschlechtliche Reizen in Frage
699 4657 4003 4953 kamen, die ja hier ihren ganz natürlichen u. ehrlichen
