4324 5213
3672 214 3951 361 121
523 223 3730 462 20.I. Vorm. gemalt. Es läuft ein Dampfer der
441 388 3877 681 D. O. A. G. ein, der aber nicht nach Norden zurückgeht.
590 598 3755 831 21.I: Unter vielen Novellen, die ich in dieser
475 729 3894 1068 faulen Zeit lese, gefallen mir heut ausnehmend
479 876 4072 1177 ein paar kleine Bauerngeschichten des mir unbekannten
487 1064 4001 1420 V. Fleischer. Form d. Erzählung künstlerisch, Stil lebendig,
551 1283 2028 1647 Zeichnung klar u. schön.
668 1404 4052 1756 22: Vorm: gemalt. Nachm. u. Abds. Schach mit Janensch;
484 1636 4121 1991 spiele jetzt fast stets ohne Erfolg u. verliere auch günstige
559 1823 3974 2156 Stellungen zu meinem Ärger. Partieen meist sehr
484 1983 3966 2356 interessant, aber - Janensch's Langsamkeit im Ent„
475 2171 3784 2518 schließen, herrjemineh! Und ich vertrage etwas im
481 2359 3250 2699 Schach. Abends: mehrfach Gewitter.
681 2486 4077 2888 Sonntag d. 23. Januar: Regen während d. ganzen
429 2752 3824 3092 Nacht und bis zum Mittag, so daß ich vom Hotel
428 2886 3365 3263 bis zur Usagara. Safaristiefel trage. Briefe.
689 3150 3850 3476 Abds. Mit Janensch u. d. Hrn. vom Zoll bei Dr. Wolff
520 3345 4014 3644 u. Frau eingeladen. Leider keine Veranda, aber weit offene
513 3579 3796 3858 Fenster auf die herrlich im Mondschein liegende Bucht.
770 3772 3971 4049 24.I. Mein Bild (Negerhütten unter Palmen) fertig gestellt.
563 3919 4029 4245 Abd. Mit Janensch u. d. beiden Offizieren beim Bezirksamt„
571 4138 3926 4443 mann eingeladen. Meine Hochachtung für ihn ist so groß
556 4297 3862 4631 wie meine Liebe zu seiner Riesenveranda. Leider d.
528 4483 3892 4822 Mond heut durch Wolken verdeckt. Etwas Regen, nach 12
538 4728 1127 4992 zu Haus.
