4324 5214
280 253 423 427 2
431 260 3977 550 Menschliche Gestalten in Pompeji sehr klein, auch die Türen auf„
313 438 2921 711 fallend niedrig. Prächtige Gebirgsumrahmung.
552 546 3957 845 Lavastrom von 1906 bei Boscotrecase noch ganz kahl und
360 688 3520 1026 ursprünglich, zwischen die Häuser u. Gärten gedrängt.
511 924 3904 1133 Warmes, sommerliches Wetter seit d. 18.III. Regenschauer
349 1007 3878 1310 in Neapel, sonst ständig blauer Himmel u. schön. Am
351 1123 3974 1374 17. bedeckt, aber zum ersten Mal im Schatten nicht kalt.
331 1321 2840 1621 Windstille am 23.III. im Roten Meer.
607 1509 3812 1756 Am Suez-Kanal Uferprofile, Ähnlichkeit mit solchen
358 1653 3692 1915 in unteren Diluvialsand der Mark. Mächtigkeit des
368 1776 3734 2087 Sandes gering: im südlichen Teil Unterlagerung durch
402 1901 4032 2210 Tone und grünlichblauen Schlick sichtbar. Der Boden nimmt
370 2065 3927 2328 in der Nähe von Bahnwärterhäuschen u. dgl. Pflanzenwuchs
364 2270 3877 2538 (Palmen, Kaktus etc.) an. Scharfe Abgrenzung des ebenen
355 2391 3862 2703 Wüstenteiles gegen die Randgebirge von d. Rande vor
327 2560 3925 2833 Suez gut sichtbar (Grabenbruch?) Gebirge gleichfalls vegeta„
321 2748 968 2982 tionslos.
556 2851 4066 3128 Aegyptische Küste zeigt am 22 früh deutliche Strandterrassen,
344 3091 3984 3315 stellenweis bis zu 4 übereinander, parallel u. horizontal.
393 3148 3924 3525 In Hebung begriffen. „The Brother's“ im Roten Meere
376 3367 3838 3620 u. andere Inseln, falls nicht vulkanisch, gegen Graben„
381 3484 3816 3767 bruch sprechend? Inselgruppen im Süden d. Roten Meeres
408 3640 3950 3937 z. T. (aber nur z. T!) gleichfalls mit einer niedrigen Abra„
429 3820 4002 4100 sionsfläche (vielleicht Fluthöhe, sonst gehoben), z. T. Steilabbrüche,
208 4050 458 4239 24.III.
458 4002 3965 4291 leicht zerstörbar u. viele winzige Erosionsklippen. Dennoch
419 4081 4062 4358 mehrere vollständig erhaltene Krater, gleichsam Modelle. Nördlichste
434 4279 3921 4542 dieser Inseln im Süden auch Sedimente? Deutliche, gleichmäßige
436 4463 3804 4752 Schichtung, Einfallen nach S., hellgelbe-weißliche Farbe (auch an
440 4641 2512 4879 einer Stelle am Nordfuß helle Färbung)
704 4758 4068 5009 Zahlreiche Scharen Guano bereitender, entenähnlicher, brauner
