4324 5213
336 181 502 350 48
432 173 3721 447 mich hinauf. Hier seltsamerweise, fern vom Wasser
439 344 3830 606 Schopfperlhühner, auch ein gerupftes u. in Anbetracht der
462 410 4016 763 gestrigen Nähe des Löwen etwas unsympathisches. Oben
428 548 3793 911 alles verwachsen, mein Träger machte mich auf die
447 692 3770 1085 Gummiliane aufmerksam. Offenbar war es kein
413 865 3966 1243 schmaler Rücken, sondern ein breites Plateau, also
450 1054 3856 1346 nach kurzer Rast zurück. Unterhalb der Höhe etwas
433 1207 3924 1499 Durchblick auf den Kranz von Plateaus, in dessen
433 1347 3907 1690 Mittelpunkt der Tendaguru aus einer scheinbaren Ebene
460 1537 3821 1841 wie ein Basaltkegel aus einem Einbruchskessel
471 1666 3925 2061 herausragte. Die Erscheinung der beiden Plateaustufen
461 1864 3933 2158 innerhalb des gleichen Gesteins ist mir ohne (u. ei„
520 1998 3958 2330 gentlich auch mit) Annahme tektonischer Störungen schwer
474 2155 3963 2434 verständlich. Eine Abrasionsterrasse müßte doch auch
464 2330 3961 2612 Ablagerungen des Meeres aufweisen, diese aber hier
438 2462 3740 2773 trägt nur Dünensand, wenigstens das Material
427 2605 3982 2925 dazu; ein Wasserriß, beginnt nur eben einzuschneiden
446 2786 3825 3136 u. entwässert nach O., vielleicht dringt alles Wasser
399 2933 3717 3330 sofort in die Tiefe. Um das tiefere Profil noch an
440 3049 3710 3413 andrer Stelle zu sehen, wählte ich den sehr steilen
432 3255 3891 3615 Abstieg über Liala, fand hier aber weitere Hügel„
436 3416 3768 3797 züge vorgelagert, so daß ein flüchtiger Einblick in
450 3577 3616 3904 den Aufbau nicht zu erlangen war. Dafür hübsch
439 3719 3910 4102 gelegene Schamben u. Gebirgsbilder. Um 12½ zurück. Wie
428 3898 3949 4237 im Süden die Silbe Nam-(-wiranye, -unda, -yura u. s. w.),
430 4055 3994 4386 im Osten „ „ Mat- oder Mta-(Mtapaia, Mtarika, Matapua),
397 4333 3987 4625 so herrscht hier „ „ Li: Ligomba (auch Ki u. Sigomba genannt),
434 4544 1152 4778 Liala u. dgl.
596 4593 3729 4904 Nachm. photographiert. Einige meiner Leute haben noch
