4324 5213
3750 220 4026 419 101
421 227 3793 374 jenseitige Rand erreicht, über den es wieder hinab
425 310 3925 609 ging. Ein sehr eigenartig anmutendes Bild bot hier der
431 515 3918 779 ganz anders geartete Erosionskessel: Der rote Sand (weder
428 678 3946 950 feste Partieen noch weiße u. bunte Färbung wie am Noto
449 816 3990 1120 waren zu sehen) erfüllte mit nur schwacher Vegetation
457 950 3985 1269 verhüllt eine fast wild zerrissene Hügel- u. Schluchten„
475 1137 3889 1352 landschaft, die in dem gipfelte. Die eigentliche
468 1315 3864 1576 Plateauebene trat kaum hervor, der nördliche Teil
484 1460 3904 1716 erscheint bereits abgetrennt, weswegen auch kein
480 1568 3923 1832 direkterer Weg über Namunda zum Tendaguru
489 1703 3950 2050 führte. Vielleicht hat d. größere Höhe der schnelleren
497 1877 4075 2165 Abtragung Vorschub geleistet. Schön war dies rot-grüne
499 2068 3899 2306 Bild mit den verwaschenen Formen eigentlich
537 2213 3809 2528 nicht. Der Kessel schließt sich gegen N-W. fast
513 2353 3864 2668 vollständig und läuft in ein schmales Tal aus,
522 2574 3922 2806 das freilich sofort von links her ein andres aufnimmt
554 2713 3901 2965 u. sich ein wenig erweitert. Ein wenig abwärts liegt
580 2843 4025 3097 ein kleiner Teich, an dem ein Karani wohnt. Hier erfuhr
576 3113 4041 3326 ich, wo ich zu lagern u. zu jagen hatte u. erhielt sofort
570 3191 3996 3459 einen Führer, der mich links aus dem Tal in schönen
531 3356 4011 3595 Wald an der barrabarra nach Ilulu führte. Kaum ½ Std.
556 3550 3746 3803 Wegs u. wir hatten eine Herde der von mir
551 3717 4084 3939 am meisten ersehnten Gnus vor uns. In dem dichten
563 3853 3895 4157 Gezweig u. Blättergrün mußte ich näher gehen, um
576 4004 4014 4259 überhaupt Tiere zu erkennen. Nun aber standen wir
554 4222 4051 4507 so frei, daß ich erwartete, beim ersten Schuß würden
557 4345 4083 4638 sie abgehen. Knall! Ein wenig Bewegung u. Vorwärtsrücken.
524 4535 4016 4828 Knall! Nichts, garnichts. Knall! Knall! Knall! Himmel„
533 4677 3958 4985 herrgottdonnerwetter, nicht treffen, wenn 15 große Tiere
