<?xml version="1.0" encoding="UTF-8" standalone="yes"?>
<PcGts xmlns="http://schema.primaresearch.org/PAGE/gts/pagecontent/2013-07-15" xmlns:xsi="http://www.w3.org/2001/XMLSchema-instance" xsi:schemaLocation="http://schema.primaresearch.org/PAGE/gts/pagecontent/2013-07-15 http://schema.primaresearch.org/PAGE/gts/pagecontent/2013-07-15/pagecontent.xsd">
    <Metadata>
        <Creator>prov=University of Rostock/Institute of Mathematics/CITlab|PLANET AI GmbH/Gundram Leifert/gundram.leifert@planet-ai.de:name=UAT_M6(htr_id=20530)::::v=2.6.6
prov=University of Rostock/Institute of Mathematics/CITlab|PLANET AI GmbH/Tobias Gruening/tobias.gruening@planet-ai.de:name=de.uros.citlab.module.baseline2polygon.B2PSeamMultiOriented:v=2.6.6
prov=University of Rostock/Institute of Mathematics/CITlab|PLANET AI GmbH/Tobias Gruening/tobias.gruening@planet-ai.de:name=/net_tf/LA76_249_0mod90.pb:de.uros.citlab.segmentation.CITlab_LA_ML:v=2.6.6
prov=University of Rostock/Institute of Mathematics/CITlab|PLANET AI GmbH/Tobias Gruening/tobias.gruening@planet-ai.de:name=/net_tf/LA76_249_0mod90.pb:de.uros.citlab.segmentation.CITlab_LA_ML:v=2.6.6
prov=University of Rostock/Institute of Mathematics/CITlab/Gundram Leifert/gundram.leifert@uni-rostock.de:name=Konzilsprotokolle v1(htr_id=5)::::v=2.3.2
prov=University of Rostock/Institute of Mathematics/CITlab/Tobias Gruening/tobias.gruening@uni-rostock.de:name=de.uros.citlab.module.baseline2polygon.B2PSeamMultiOriented:v=2.3.2
prov=University of Rostock/Institute of Mathematics/CITlab/Tobias Gruening/tobias.gruening@uni-rostock.de:name=/net_tf/LA73_249_0mod360.pb:de.uros.citlab.segmentation.CITlab_LA_ML:v=2.3.1
TRP</Creator>
        <Created>2019-08-02T06:47:53.725+02:00</Created>
        <LastChange>2020-03-31T10:02:38.760+02:00</LastChange>
        <TranskribusMetadata docId="190836" pageId="7550710" pageNr="16" tsid="26743882" status="GT" userId="34979" imgUrl="https://files.transkribus.eu/Get?id=PXMYDOUPUNAEZMOTUXYCEGYL&amp;fileType=view" xmlUrl="https://files.transkribus.eu/Get?id=ALOKIOOFDOINPZTOGNVVRQSC" imageId="4551588"/>
    </Metadata>
    <Page imageFilename="UAT_407_080_016.jpg" imageWidth="4324" imageHeight="5213">
        <ReadingOrder>
            <OrderedGroup id="ro_1612255537586" caption="Regions reading order">
                <RegionRefIndexed index="0" regionRef="region_1582877681149_501"/>
            </OrderedGroup>
        </ReadingOrder>
        <TextRegion id="region_1582877681149_501" custom="readingOrder {index:0;}">
            <Coords points="320,222 4056,222 4056,4792 320,4792"/>
            <TextLine id="line_1582878362766_629" custom="readingOrder {index:0;}">
                <Coords points="309,385 340,387 348,396 375,388 396,407 409,407 428,390 458,396 465,212 439,211 431,202 404,223 369,208 342,229 316,223"/>
                <Baseline points="335,342 437,346"/>
                <TextEquiv>
                    <Unicode>14</Unicode>
                </TextEquiv>
            </TextLine>
            <TextLine id="line_1582877715745_504" custom="readingOrder {index:1;}">
                <Coords points="501,530 1582,386 2442,422 2576,525 3055,380 3605,426 3601,233 3460,214 1237,235 893,369 496,254"/>
                <Baseline points="520,420 606,420 728,440 802,432 1132,448 1270,420 1321,424 1438,420 1544,389 1635,389 1721,389 1839,401 1980,389 2063,389 2165,393 2247,401 2393,416 2483,408 2652,381 2797,389 2919,389 3056,385 3241,385 3366,381 3484,377 3582,397"/>
                <TextEquiv>
                    <Unicode>nisch. In d. Nacht um ¾3 sank plötzlich</Unicode>
                </TextEquiv>
            </TextLine>
            <TextLine id="line_1582877753420_509" custom="readingOrder {index:2;}">
                <Coords points="505,698 1283,603 1585,749 2072,556 3189,668 3334,532 3978,647 3945,398 501,544"/>
                <Baseline points="524,624 637,624 822,624 861,624 1014,621 1065,613 1168,601 1242,601 1325,601 1470,601 1568,585 1678,585 1808,585 1882,589 2039,581 2133,558 2196,558 2283,558 2432,577 2530,577 2636,573 2762,562 2860,566 3076,534 3154,542 3284,554 3453,550 3630,542 3724,538 3795,546 3908,558 3952,581"/>
                <TextEquiv>
                    <Unicode>mein Bett in sich zusammen. Sehr komi„</Unicode>
                </TextEquiv>
            </TextLine>
            <TextLine id="line_1582877788660_514" custom="readingOrder {index:3;}">
                <Coords points="475,916 1507,798 2198,907 2761,769 3636,878 3749,841 3744,595 3327,542 2882,692 2077,555 1590,749 470,679"/>
                <Baseline points="496,793 590,809 700,809 791,797 932,797 1061,789 1140,789 1175,793 1242,793 1387,793 1572,797 1647,778 1698,770 1764,762 1914,754 2079,738 2173,738 2302,742 2499,734 2616,746 2746,762 2829,758 2931,754 3068,750 3194,742 3323,762 3429,750 3586,746 3728,762"/>
                <TextEquiv>
                    <Unicode>sche Situation, mußte aber vor d. Boys</Unicode>
                </TextEquiv>
            </TextLine>
            <TextLine id="line_1582877820324_519" custom="readingOrder {index:4;}">
                <Coords points="508,1002 2568,1066 3038,954 4055,1131 3938,836 508,884"/>
                <Baseline points="531,982 688,966 806,962 940,962 1093,958 1195,958 1340,954 1458,970 1552,970 1741,970 1874,970 1984,974 2204,962 2432,950 2581,943 2825,954 3009,954 3166,966 3347,966 3543,974 3685,982 3849,994 4034,1025"/>
                <TextEquiv>
                    <Unicode>ärgerlich erscheinen. Nachher wenig geschlafen,</Unicode>
                </TextEquiv>
            </TextLine>
            <TextLine id="line_1582877847587_524" custom="readingOrder {index:5;}">
                <Coords points="478,1276 837,1158 1298,1294 1570,1132 1894,1294 2157,1154 3148,1290 3951,1211 3718,987 3595,1097 3043,957 2569,1066 478,1013"/>
                <Baseline points="500,1127 716,1131 893,1131 1073,1135 1242,1123 1360,1135 1474,1131 1623,1131 1753,1143 1878,1127 2067,1131 2114,1131 2326,1127 2463,1123 2577,1127 2699,1131 2860,1107 3001,1135 3143,1123 3339,1111 3512,1123 3688,1143 3834,1151 3928,1174"/>
                <TextEquiv>
                    <Unicode>stark geschwitzt, sonst aber gutes Befinden.</Unicode>
                </TextEquiv>
            </TextLine>
            <TextLine id="line_1582877880045_529" custom="readingOrder {index:6;}">
                <Coords points="733,1440 1252,1507 1416,1386 2499,1364 2782,1483 3061,1377 3233,1471 3820,1396 3818,1282 2171,1154 1902,1325 1575,1129 1126,1342 731,1335"/>
                <Baseline points="755,1426 865,1418 948,1398 1168,1394 1234,1390 1411,1390 1568,1378 1662,1382 1819,1382 2043,1371 2149,1367 2287,1367 2385,1363 2507,1363 2695,1359 2832,1363 2974,1374 3013,1367 3119,1382 3249,1363 3339,1343 3527,1355 3657,1363 3798,1382"/>
                <TextEquiv>
                    <Unicode>1. Mai: Morgens mit d. Sohn d. Jumben</Unicode>
                </TextEquiv>
            </TextLine>
            <TextLine id="line_1582877948016_534" custom="readingOrder {index:7;}">
                <Coords points="492,1681 1404,1670 1919,1526 4034,1580 3956,1388 488,1439"/>
                <Baseline points="512,1598 653,1590 853,1586 1085,1567 1266,1547 1458,1535 1588,1535 1772,1543 1933,1524 1980,1532 2200,1520 2294,1539 2412,1528 2577,1524 2738,1520 2872,1520 3029,1532 3107,1535 3280,1543 3366,1532 3594,1524 3732,1520 3897,1532 4010,1539"/>
                <TextEquiv>
                    <Unicode>20 Min. auf der alten barra-barra, um Hügel</Unicode>
                </TextEquiv>
            </TextLine>
            <TextLine id="line_1582877971738_539" custom="readingOrder {index:8;}">
                <Coords points="498,1825 1016,1879 1952,1728 2261,1864 2465,1729 4024,1845 3963,1569 496,1681"/>
                <Baseline points="520,1763 720,1755 912,1759 1109,1755 1262,1755 1431,1747 1576,1728 1709,1728 1870,1736 2047,1720 2188,1704 2306,1704 2518,1716 2664,1716 2770,1724 2872,1724 3033,1740 3217,1696 3414,1704 3543,1700 3653,1704 3783,1716 3901,1724 3999,1744"/>
                <TextEquiv>
                    <Unicode>anzusehen, auf die mich Sattler aufmerk„</Unicode>
                </TextEquiv>
            </TextLine>
            <TextLine id="line_1582877995334_544" custom="readingOrder {index:9;}">
                <Coords points="497,1977 3733,1897 2810,1740 2255,1864 2056,1751 948,1876 496,1802"/>
                <Baseline points="520,1932 661,1916 842,1916 1089,1908 1262,1905 1427,1908 1564,1905 1733,1901 1906,1897 2043,1908 2110,1912 2243,1905 2381,1905 2522,1901 2620,1893 2746,1885 2832,1881 3001,1881 3135,1897 3260,1897 3421,1893 3539,1889 3712,1889"/>
                <TextEquiv>
                    <Unicode>sam machte. Unterwegs Spuren, von</Unicode>
                </TextEquiv>
            </TextLine>
            <TextLine id="line_1582878026420_549" custom="readingOrder {index:10;}">
                <Coords points="490,2115 902,2201 1204,2054 2112,2067 2332,2202 2708,2059 3090,2197 3660,2111 3707,1922 489,1988"/>
                <Baseline points="512,2073 685,2077 838,2081 936,2089 1089,2062 1211,2058 1360,2062 1607,2054 1760,2069 1918,2081 2043,2069 2275,2066 2357,2066 2467,2069 2652,2073 2699,2073 2852,2062 3076,2046 3233,2054 3386,2054 3582,2062 3685,2073"/>
                <TextEquiv>
                    <Unicode>Wild, Schweinen, Büffeln, Nilpferden.</Unicode>
                </TextEquiv>
            </TextLine>
            <TextLine id="line_1582878049071_554" custom="readingOrder {index:11;}">
                <Coords points="469,2288 3871,2313 3932,2028 3073,2188 2713,2061 468,2152"/>
                <Baseline points="492,2266 645,2246 814,2242 1014,2223 1254,2203 1423,2203 1560,2207 1721,2207 1772,2223 1870,2215 2051,2207 2228,2219 2448,2215 2632,2215 2766,2230 2895,2223 3056,2227 3178,2223 3425,2227 3567,2219 3681,2219 3775,2219 3842,2230 3912,2242"/>
                <TextEquiv>
                    <Unicode>Keine Aufschlüsse, aber anscheinend kooli„</Unicode>
                </TextEquiv>
            </TextLine>
            <TextLine id="line_1582878072065_559" custom="readingOrder {index:12;}">
                <Coords points="506,2439 1628,2414 2176,2546 2812,2407 3860,2535 3948,2298 2830,2240 2628,2349 1905,2243 1545,2357 743,2259 506,2377"/>
                <Baseline points="527,2415 681,2403 763,2403 948,2427 1077,2427 1199,2427 1489,2395 1619,2403 1772,2403 1925,2427 2063,2419 2165,2423 2243,2419 2298,2415 2440,2411 2530,2391 2719,2388 2832,2403 3017,2411 3158,2415 3296,2419 3469,2419 3594,2423 3736,2423 3865,2423 3924,2431"/>
                <TextEquiv>
                    <Unicode>nisierter Boden, also Kristallin, oder doch</Unicode>
                </TextEquiv>
            </TextLine>
            <TextLine id="line_1582878094958_564" custom="readingOrder {index:13;}">
                <Coords points="487,2664 851,2741 1302,2607 2250,2686 2661,2600 3236,2712 3863,2629 3863,2529 2625,2399 2161,2559 1420,2563 1113,2441 486,2554"/>
                <Baseline points="508,2627 665,2627 794,2604 936,2600 1089,2607 1195,2604 1383,2604 1564,2604 1717,2604 1902,2611 2035,2611 2196,2619 2334,2615 2397,2611 2632,2604 2848,2596 3025,2611 3135,2596 3209,2611 3327,2600 3445,2584 3555,2584 3677,2596 3842,2611"/>
                <TextEquiv>
                    <Unicode>aus Gneis umgelagertes Material (in die„</Unicode>
                </TextEquiv>
            </TextLine>
            <TextLine id="line_1582878115390_569" custom="readingOrder {index:14;}">
                <Coords points="468,2907 884,2797 1397,2888 1572,2752 2265,2905 2432,2804 3695,2873 4015,2811 4015,2658 467,2670"/>
                <Baseline points="488,2784 665,2784 787,2788 983,2772 1144,2761 1281,2761 1493,2753 1670,2761 1757,2761 1925,2768 2063,2757 2243,2757 2424,2757 2644,2757 2770,2753 2938,2765 3205,2765 3410,2761 3641,2784 3759,2768 3897,2780 3995,2788"/>
                <TextEquiv>
                    <Unicode>sem Fall sehr interessant), darauf grobe</Unicode>
                </TextEquiv>
            </TextLine>
            <TextLine id="line_1582878135244_574" custom="readingOrder {index:15;}">
                <Coords points="556,3047 1511,2950 2025,3090 3928,3019 3944,2874 3535,2781 3273,2885 2404,2805 2269,2907 1566,2756 1383,2903 554,2867"/>
                <Baseline points="575,2977 681,2977 791,2977 940,2981 1152,2961 1380,2949 1599,2937 1725,2937 1882,2937 2027,2945 2161,2965 2346,2941 2495,2926 2683,2926 2789,2933 2946,2937 3088,2937 3245,2926 3429,2929 3614,2949 3775,2961 3924,2961"/>
                <TextEquiv>
                    <Unicode>kaum gerollte Kiese bis zu ganz feinem</Unicode>
                </TextEquiv>
            </TextLine>
            <TextLine id="line_1582878159697_579" custom="readingOrder {index:16;}">
                <Coords points="439,3174 1066,3163 1255,3275 2381,3140 2812,3249 2960,3138 3898,3149 3897,3013 2012,3087 1831,2988 1692,3090 1261,2959 437,2990"/>
                <Baseline points="461,3130 590,3138 716,3145 916,3153 1018,3138 1116,3138 1226,3138 1325,3145 1533,3149 1729,3142 1863,3149 2039,3149 2271,3149 2404,3138 2526,3134 2730,3134 2915,3130 3099,3110 3280,3102 3406,3106 3543,3118 3681,3118 3877,3118"/>
                <TextEquiv>
                    <Unicode>(Strand-?)Quarzsanden m. großen Quarzen</Unicode>
                </TextEquiv>
            </TextLine>
            <TextLine id="line_1582878182748_584" custom="readingOrder {index:17;}">
                <Coords points="550,3347 1107,3316 1279,3415 2119,3297 2323,3408 2484,3309 3527,3284 3708,3365 3811,3188 2963,3135 2794,3252 2100,3139 1246,3262 916,3161 549,3268"/>
                <Baseline points="571,3318 681,3318 747,3318 842,3291 1007,3291 1175,3295 1309,3299 1470,3299 1588,3291 1764,3291 2012,3263 2208,3271 2385,3271 2558,3271 2750,3295 2887,3283 3009,3275 3056,3275 3221,3259 3359,3255 3555,3259 3692,3259 3791,3275"/>
                <TextEquiv>
                    <Unicode>u. Feldspäten. Nachher auf d. Weiter„</Unicode>
                </TextEquiv>
            </TextLine>
            <TextLine id="line_1582878210012_589" custom="readingOrder {index:18;}">
                <Coords points="493,3555 1829,3435 3930,3472 3621,3317 2871,3282 2258,3395 2130,3308 491,3375"/>
                <Baseline points="512,3479 685,3471 783,3460 932,3463 1085,3452 1199,3452 1364,3463 1446,3444 1564,3448 1705,3440 1839,3424 1992,3424 2130,3428 2389,3440 2573,3436 2675,3436 2911,3436 3041,3436 3182,3428 3382,3428 3543,3420 3696,3432 3869,3440 3908,3440"/>
                <TextEquiv>
                    <Unicode>marsch fand ich ebenso die Stellen, an denen</Unicode>
                </TextEquiv>
            </TextLine>
            <TextLine id="line_1582878233446_594" custom="readingOrder {index:19;}">
                <Coords points="519,3639 2106,3570 2309,3704 2593,3600 3335,3672 3860,3605 3859,3478 2790,3550 2613,3434 1991,3444 926,3578 763,3470 518,3564"/>
                <Baseline points="539,3624 696,3621 849,3621 995,3621 1140,3613 1246,3597 1364,3605 1603,3593 1753,3601 1902,3597 2161,3593 2314,3589 2522,3597 2715,3585 2946,3593 3099,3597 3182,3597 3268,3617 3355,3581 3531,3589 3630,3589 3740,3581 3838,3581"/>
                <TextEquiv>
                    <Unicode>anstehender Granit zerfallen war, stets in</Unicode>
                </TextEquiv>
            </TextLine>
            <TextLine id="line_1582878258296_599" custom="readingOrder {index:20;}">
                <Coords points="503,3829 1673,3761 2210,3866 3374,3737 3775,3835 3864,3667 500,3658"/>
                <Baseline points="524,3805 653,3813 747,3801 912,3797 1069,3762 1199,3758 1387,3778 1525,3750 1639,3762 1835,3758 1996,3750 2192,3746 2389,3758 2558,3742 2742,3742 2876,3758 3017,3754 3205,3731 3363,3742 3590,3746 3696,3746 3842,3742"/>
                <TextEquiv>
                    <Unicode>Hügelform. Desgleichen aber mit jenem</Unicode>
                </TextEquiv>
            </TextLine>
            <TextLine id="line_1582878279072_604" custom="readingOrder {index:21;}">
                <Coords points="497,3989 897,4085 1404,3934 2339,4041 2658,3931 2861,4060 3808,3983 3774,3782 3407,3874 2665,3756 2210,3867 1687,3764 495,3835"/>
                <Baseline points="520,3966 724,3954 904,3946 1061,3939 1168,3927 1332,3927 1466,3927 1615,3931 1764,3939 1972,3915 2165,3915 2283,3907 2361,3903 2495,3903 2581,3903 2715,3892 2938,3911 3041,3911 3245,3903 3406,3923 3520,3927 3641,3927 3740,3927 3787,3931"/>
                <TextEquiv>
                    <Unicode>vielfach u. stark wechselnd Gneise ver„</Unicode>
                </TextEquiv>
            </TextLine>
            <TextLine id="line_1582878304179_609" custom="readingOrder {index:22;}">
                <Coords points="514,4250 653,4155 1172,4265 1525,4106 1880,4100 2027,4242 2670,4113 2891,4206 3933,4122 3904,3947 2862,4061 1412,3932 889,4090 510,3996"/>
                <Baseline points="535,4159 657,4151 779,4151 979,4135 1140,4135 1242,4119 1380,4119 1438,4123 1627,4104 1733,4104 1874,4107 2082,4131 2247,4115 2440,4107 2581,4104 2730,4104 2895,4104 3021,4096 3190,4104 3339,4084 3457,4092 3582,4096 3708,4092 3830,4092 3912,4100"/>
                <TextEquiv>
                    <Unicode>schiedenster Art, z. T. m. Granaten od.</Unicode>
                </TextEquiv>
            </TextLine>
            <TextLine id="line_1582878322510_614" custom="readingOrder {index:23;}">
                <Coords points="576,4378 933,4461 1632,4315 2160,4431 2422,4322 3580,4311 3835,4395 3832,4185 3564,4114 2715,4257 2586,4140 1812,4273 1403,4187 1229,4290 574,4189"/>
                <Baseline points="598,4347 712,4339 869,4343 1034,4343 1297,4327 1450,4323 1647,4316 1800,4316 1941,4320 2141,4316 2291,4320 2373,4320 2530,4316 2711,4316 2895,4320 3056,4320 3221,4300 3378,4300 3437,4300 3539,4296 3661,4296 3720,4292 3810,4304"/>
                <TextEquiv>
                    <Unicode>Graphit. Die dazwischen liegenden Nie„</Unicode>
                </TextEquiv>
            </TextLine>
            <TextLine id="line_1582878338618_619" custom="readingOrder {index:24;}">
                <Coords points="555,4577 1383,4503 1713,4635 2396,4497 2893,4624 3650,4506 3649,4383 2951,4342 2751,4467 2473,4343 1983,4440 1714,4328 800,4482 553,4358"/>
                <Baseline points="575,4524 759,4524 897,4520 1010,4524 1222,4512 1332,4512 1525,4512 1729,4516 1890,4508 2059,4508 2228,4508 2385,4492 2585,4500 2754,4508 2907,4500 3099,4500 3257,4500 3473,4492 3626,4492"/>
                <TextEquiv>
                    <Unicode>derungen enthielten beim Jumben</Unicode>
                </TextEquiv>
            </TextLine>
            <TextLine id="line_1582878358685_624" custom="readingOrder {index:25;}">
                <Coords points="583,4747 1109,4785 1381,4658 1613,4771 2552,4786 3898,4673 3897,4572 3612,4494 3104,4587 582,4568"/>
                <Baseline points="606,4653 783,4657 952,4657 1058,4673 1136,4673 1336,4642 1470,4645 1607,4661 1690,4661 1784,4634 1969,4653 2098,4673 2165,4673 2385,4673 2589,4669 2711,4638 2876,4638 3084,4642 3245,4653 3363,4649 3575,4661 3728,4649 3877,4649"/>
                <TextEquiv>
                    <Unicode>Rotlehm, dann lange Zeit dunkle Tone,</Unicode>
                </TextEquiv>
            </TextLine>
            <TextEquiv>
                <Unicode>14&#xD;
nisch. In d. Nacht um ¾3 sank plötzlich&#xD;
mein Bett in sich zusammen. Sehr komi„&#xD;
sche Situation, mußte aber vor d. Boys&#xD;
ärgerlich erscheinen. Nachher wenig geschlafen,&#xD;
stark geschwitzt, sonst aber gutes Befinden.&#xD;
1. Mai: Morgens mit d. Sohn d. Jumben&#xD;
20 Min. auf der alten barra-barra, um Hügel&#xD;
anzusehen, auf die mich Sattler aufmerk„&#xD;
sam machte. Unterwegs Spuren, von&#xD;
Wild, Schweinen, Büffeln, Nilpferden.&#xD;
Keine Aufschlüsse, aber anscheinend kooli„&#xD;
nisierter Boden, also Kristallin, oder doch&#xD;
aus Gneis umgelagertes Material (in die„&#xD;
sem Fall sehr interessant), darauf grobe&#xD;
kaum gerollte Kiese bis zu ganz feinem&#xD;
(Strand-?)Quarzsanden m. großen Quarzen&#xD;
u. Feldspäten. Nachher auf d. Weiter„&#xD;
marsch fand ich ebenso die Stellen, an denen&#xD;
anstehender Granit zerfallen war, stets in&#xD;
Hügelform. Desgleichen aber mit jenem&#xD;
vielfach u. stark wechselnd Gneise ver„&#xD;
schiedenster Art, z. T. m. Granaten od.&#xD;
Graphit. Die dazwischen liegenden Nie„&#xD;
derungen enthielten beim Jumben&#xD;
Rotlehm, dann lange Zeit dunkle Tone,</Unicode>
            </TextEquiv>
        </TextRegion>
    </Page>
</PcGts>
