4324 5213
340 212 458 388 40
473 173 4042 461 auch etwas gesehen haben. Ganz bedeckter Himmel,
2186 282 3403 487 sogar Regen sichtbar.
733 400 3950 643 21. Juli: Immer noch größtenteils bedeckt. Es hat
481 529 3568 754 wieder mit Neumond ein kleiner Umschwung
447 722 1378 995 stattgefunden.
547 799 3829 1022 Bei einer Streife durch's Pori östl. d. Tendaguru
410 972 4018 1236 sehe ich eigentlich zum ersten Mal weitere Strecken
485 1140 4041 1415 der Saurier-Schichten ohne d. geringsten Knochensplitter.
685 1333 4012 1698 22. Juli: Morgens ½6 Aufbruch m. 13 Mann, 2 Boys u.
445 1444 4027 1799 Koch. Barrabarra bis Matapua. Hei wie das schmeckt,
444 1615 3863 1914 die Erde wieder unter d. Füßen sich drehen zu lassen
495 1779 3977 2092 u. d. Landschaften in bunter Reihe vorüber ziehen
484 1906 3457 2302 zu sehen! Mit Sefu voraus um Wild zu erspähen.
611 2092 3847 2427 Am Mtapa-Fluß d. mir schon bekannten, dickbankigen
439 2153 4012 2598 grünlichen, oben gelblichen (Verwitterungsprodukt?) Sandstei„
450 2317 4022 2661 ne, von denen nicht recht zu sehen ist, ob sie tatsächlich,
435 2475 3978 2872 wie mir scheint, unter den Saurierschichten liegen. Letz„
418 2654 4021 2974 tere folgen d. Straße weiter, es folgt ein langer N.N.O.
418 2805 3757 3156 streichender Absturz oder Stufe gleichfalls aus ihnen
437 2917 3874 3232 bestehend u. oben m. Mikindani(?)-Geröllen bedeckt. Auf
463 3150 3988 3412 noch höherem Niveau immer noch m. gleichem Boden fand
446 3249 3935 3596 ich einen fossilführenden Block vereinzelt (vielleicht in d.
469 3396 3995 3794 Gerölle gehörig. Bald darauf entdeckte ich ein Ngorom-
447 3534 3883 3875 bwe im Busch, dessen Gras abgebrannt war, folgte
546 3722 3989 4081 ihm ein Stück, eilte aber zurück, als ich großes Geschrei
597 3836 3878 4243 hörte; ich glaubte ein Chui hätte mir d. Braten
533 4085 3772 4431 weggeschnappt. Bald sahen wir aber eine
527 4168 3991 4543 große lärmende Schar alter u. junger Hundsaffen,
471 4324 4023 4675 deren einer ein kl. schwarzes Tier im Maule schlepp„
446 4541 3821 4838 te. Jetzt entdeckten wir auch d. Wild wieder ganz
503 4732 4009 5030 nahe d. Wege offenbar eingeschüchtern durch d. Aufschreien
