4324 5213
414 205 605 362 22
420 237 3770 507 den Block kleine Röhren zahlreich zum Vorschein, die
404 379 3858 641 stark zerbröckeln. Halte sie erst f. rezente pflanzliche
382 628 3859 834 Teile, kann aber beim Zusammensetzen nicht mehr
429 711 3926 1013 zweifeln, daß ich Vogelknochen vor mir habe. Sehr wich„
386 885 2909 1145 tiger Fund. Vielleicht Flugsaurier?
660 1036 3633 1325 Nachm. Posho-Zahlungen. Schach, desgl. Abds.
438 1217 3733 1472 D. Fieber v. Dr. J. weicht heut d. ganzen Tag nicht.
608 1377 3951 1637 9. Mai, Sonntag. Vorm. auf d. Tendaguru. Herr Besser
392 1501 3859 1846 schießt ein Barappi, Festbraten auch f. d. Leute. Mache
405 1686 3822 1970 mir im Lager zu schaffen, um nicht weit von Dr. J.
452 1834 3896 2129 zu sein. Nachm. Gemalt, Schach. Zum Sonnenunter„
380 2000 3884 2269 gang auf d. Tendaguru m. Hrn. Besser. Abds. Schach.
628 2149 3980 2388 10. Mai. Vorm. Taubenjagd ohne Erfolg. Nachm. wieder
502 2345 2635 2628 gemalt. Schach. Sonnenuntergang.
769 2488 3954 2693 Abds. gegen ¾10 glaubte Hr. Besser ein drei - vier„
426 2684 3981 2905 maliges Heben des Bettes, Schwanken der Kleider im
438 2747 3855 3017 Zelt zu bemerken u. fand am andern Morgen d.
445 2900 4018 3179 angelehnten Stock mitten im Zelt liegen. Erdbeben?
419 3140 3819 3360 Alle Andern schliefen, daher weitere Beobachtungen
410 3275 1838 3552 nicht zu ermitteln.
1559 3385 1916 3561 Kitukituki-
607 3425 3946 3632 11. Mai. Am Doanika-Bach Wasserloch gegraben in
410 3545 3763 3882 Ton unter hartem Sandstein, da d. Wasser knapp
393 3716 3885 4053 zu werden beginnt. Weiter unterhalb wird eine
401 3910 3973 4147 Quelle entdeckt: d. Wasser tropft ständig aus einem
383 4076 3775 4275 bestimmten Horizont über einer grottenartigen
353 4180 3795 4462 Aushöhlung in der ziemlich hohen Wand durch Gras
366 4340 3772 4652 herab, sodaß hier Hoffnung auf Stetigkeit besteht.
370 4525 4050 4798 Kleine Tropfsteinbildungen. Weiter oberhalb im Bachlauf
408 4674 3862 4979 fand ich ein schönes Trigonien-Pflaster gleich dem am
