4324 5213
3892 236 4021 431 37
401 219 3849 430 lich. In Nanundo freundlichst aufgenommen u. bewirtet.
413 381 3806 564 Nachm. Kl. Spaziergang an d. Mbenkuru. Rings um d. Dorf
409 516 3960 767 wurde gebrannt, d. Asche flog auf d. Tisch, d. Rauch beizte
401 667 4095 899 d. Augen, aber d. Häuser u. Bäume, ja stellenweis d. trocke„
437 812 4076 1075 ne Gras blieben von der rasenden Glut verschont, selbst
434 974 4071 1214 in die Schamben leckte das Feuer, ohne Schaden zu tun.
470 1141 3900 1352 Um 4h verabschiedet, um 6 zu Haus. Unterwegs durch
437 1284 4071 1575 Aschenfelder, wo morgens noch Gras stand. Zum ersten
400 1457 2321 1751 Mal Affen im Baum gesehen.
645 1638 3996 1960 12 Juli: Vorm. auf Jagd mit unserm Jäger. Ngorombwe
450 1812 4024 2131 gesehen, aber verloren. D. Jäger zündet Feuer an, das
441 1929 3963 2272 gegen Mittag d. Arbeitsplätze u. d. Lager erreicht und
436 2078 3581 2373 am Tendaguru vorüber bis zur barrabarra zieht.
588 2279 4136 2530 Abends allein auf d. Tendaguru, von wo d. abgebrannten
426 2383 4111 2615 Strecken in ihrer beträchtlichen Ausdehnung bequem zu sehen.
427 2589 4087 2777 Auch auf d. Gipfel ist heut abgebrannt worden, um d. Pavil„
407 2681 3075 2981 lon zu schützen. Abends Zahnschmerzen.
616 2890 4097 3096 13. Juli. Vorm. durch d. abgebrannten Strecken gegangen,
457 2978 4061 3306 dabei neue Foss Knochenfunde im Norden d. Berges.
511 3220 3951 3390 Im Graben auf d. Nordseite finden sich Zähne, desgl. ein
442 3283 3828 3623 Bruchstück bei dem schönen Skelett, das immer voll„
447 3410 3795 3758 ständiger von unserm schwarzen Präparator Salim
423 3607 4074 3894 herausgearbeitet wird. Unser Jäger schießt ein Warzenschwein (Mbango)
656 3732 3954 4060 Lese seit einiger Zeit wieder m. hohem Genuß im
474 3890 2534 4213 Chamberlain (Grundl. XIX. Jahrh.)
656 4035 3804 4393 14. Juli. Dr. J. zu dem neuen Knochenfund geführt.
488 4239 3948 4559 Täglich morgens od. abends kl. Jagdausflüge ohne Erfolg, da doch
463 4455 1601 4749 noch viel Gras steht
659 4522 3890 4853 15. Juli. Auf einer Streife zw. d. Lager u. d. barrabarra an
456 4688 3968 5023 d. halbkreisförmigen Oberlauf des Mtapa ehemalige Schamben
