4324 5214
364 210 663 418 152
587 223 3841 547 im Missionsgarten; ein entfernter Jumbe holte auf unsre
571 415 3705 745 Bitte um Brennholz das Gewünschte von seinem Dach
584 590 3210 931 herunter. 11. Besuch auf d. Mission. O der Wein!
767 696 4029 971 12.III. Den Gebirgskessel aufwärts nach Tschenzema. Nach der
510 866 3965 1227 Höhe zu andre Vegetation, vor allem charakteristisch eine
513 1054 4001 1389 Palmenart, die mich an Korallenstöcke erinnerte. Dicht
574 1194 4008 1460 unter dem ca 2000 m. hohen Paß üppigste Vegetation u.
581 1314 3853 1664 überall sprudelndes Wasser, sogar Wasserfälle. Die
577 1464 3875 1805 breite alpine Straße zog sich in langen Serpentinen
592 1635 3964 1921 an den Hängen des Tales hinauf. In d. Paß einge„
611 1804 3988 2122 senkt ein Becken, dem wohl ein andres Wasser nach
588 1975 3896 2296 W. entspringen mag. Durch eine „Abkürzung‟ geriet ich
638 2162 3897 2460 auf eine falsche Straße nicht ahnend, daß hier zwei
628 2318 3825 2610 derartige Werke bestanden. Kostbarer Blick auf
624 2432 3806 2742 das Tal, in das ich steil u. tief hinunter
654 2591 4028 2890 mußte, um jenseits wieder ganz hinauf zu kriechen,
648 2742 3932 3078 eine kl. Extragabe f. meinen Fuß. Die Wände
657 2928 3815 3284 glitzerten vom Glimmer, der vielfach angeschürft
655 3097 4039 3440 war, als beständen die Berge aus  eitel Diamant.
816 3280 3888 3608 In Tshenzema freundlichst empfangen, Jan. kam
617 3434 4039 3723 ca 1 Std. später an. Hr. Schwarz noch nicht zurück, nur
603 3616 3918 3872 Frau, Bruder u. Schwester anwesend. Letztere hätten
655 3752 3801 4126 gut für seine Kinder gelten können. Blauäugig,
661 3925 4021 4255 blondlockiges Geschlecht u. rings Spuren emsigster
658 4044 4004 4438 Tätigkeit, Lebensfrische. Sehr geschmackvolles Haus, Gar„
611 4190 3711 4569 dinen an d. geschlossenen Fenstern! Fühlte mich
623 4382 3518 4686 unendlich heimisch. Frisches Quellwasser!!!
626 4579 2666 4867 Glimmer Bearbeitung angesehen.
361 434 568 4776 Gegenüber der Mgeta-Mission, die mit ihrem schattigen Garten voll Kaffee, Cypressen u. s. w. eine Oase in d.
233 347 504 4214 Wüste geschaffen hat, Hornblende u. Granaten als Augen in hellem Gneiß. Auch Pegmatit?
