4324 5213
438 206 658 381 56
493 215 3879 473 weiter bis gegen 8 Uhr, wir stellen endlich  den
496 378 3658 615 Barographen auf. Ging auf Jagd u. erlegte ein
489 542 3980 808 Warzenschwein, regnete aber dabei gehörig ein, was
502 682 3962 925 mir bei meinem augenblicklichen Zustande bedenk„
484 881 3910 1127 lich schien. Auch in d. folgenden Nacht wieder
477 1001 1667 1304 kräftiger Regen.
803 1188 2938 1514 12 August. Post eines Zwischendampfers.
816 1422 3822 1670 14 August. Morgens auf d. Tendaguru Horizonte nach
550 1498 3921 1802 N, W u. S abgezeichnet. Erwarteten Hrn. Linder's Be„
538 1660 3956 1999 such im Lager nach Angaben d. Schwarzen. Als ich gegen
563 1864 3680 2153 9 bei d. nördlichen Grabungen erschien, war
499 2014 3760 2301 soeben Herr Christens auf d. Barrabarra entlang
531 2165 3776 2388 gezogen nebst Gemahlin, 2 reizenden kleinen
502 2307 3929 2512 Mädels von 7 u. 8 Jahren, die hier in d. Kolonie
532 2432 3893 2749 geboren u. aufgewachsen sind, u. deren Fräulein. Ich
533 2573 3815 2861 begrüßte u. begleitete sie eine Strecke. Hr. Christens
531 2702 3948 3077 besichtigt d. Mbenkuru-Tal f. ein Strauß'sches Unter„
538 2846 3804 3143 nehmen in Baumwolle u. scheint gute Hoffnung
543 3023 3871 3366 zu hegen. Also wird hier in einigen Jahren wohl
579 3141 3842 3509 auch d. Kultur eingedrungen sein. Mich freut's
592 3310 3880 3572 - u. noch mehr, daß ich d. Land noch unberührt
513 3518 1723 3782 vorfinden durfte.
727 3633 3831 3974 Sonntag d. 15. Aug: Morgens 4 aufgestanden, mit
528 3840 3912 4146 Ali u. einem Begleiter in's Tal hinab zu jagen.
572 4014 3846 4274 In Kipande konnten wir keinerlei Auskunft
552 4141 3771 4473 erhalten, ich ging also meine eigenen Wege
610 4383 3722 4618 über d. alte barrabarra in  abgebrannten
538 4501 3904 4831 Busch. Erstaunt allerlei beträchtliche Hügelzüge an„
