4324 5214
3880 132 4018 227 41
417 232 4039 411 der durch seinen Anblick erschreckten Affen. Ich schoß 4mal
387 347 4096 560 kurz nacheinander, ohne daß es wußte, von wo das
365 441 3848 782 kam u. wohin es sich wenden sollte denn auf d.
369 579 3985 878 andern Seite erfolgte, ein greuliches Gebrüll unserer
400 789 3973 1109 Herren Vettern. Ich glaubte es verwundet zu haben
458 882 3994 1211 u. eilte herbei, da trottete es ganz gemächlich ab.
385 1101 4016 1352 Weitere Kugeln hatte ich nicht. Blutspuren waren nicht
411 1256 3898 1622 zu sehen, ich hatte also 4mal gefehlt bei günstigsten
413 1444 3948 1806 Umständen, um so beschämender als grade meine
411 1570 4038 1975 Leute nachkamen. Dies geschah am Fuß einer zweiten,
399 1773 3936 2110 im Wege deutlicher ausgeprägten Stufe, wo ich neulich
350 1878 3978 2349 schon Fossilien fand u. die ich heut als aus
441 2084 4018 2470 Trigonien-Schichten gebildet fand. Also wieder der
382 2310 4025 2591 Verwerfungsteufel? Es folgten ferner ein wei„
384 2419 4092 2807 ßer harter Sandstein, darüber ein gleich fester roter,
421 2611 3996 2923 dann in buntem Wechsel bis Matapua Konglome„
399 2747 3832 3074 rate, Sandsteine, ein unregelmäßig brechender Kalk,
361 2872 3910 3267 feine weiße Seesande u. s. w. Nur ausnahmsweise
396 3039 4052 3419 ein Fossil darin, also petrographisch ohne topogra„
432 3215 4124 3613 phische Grundlage kaum etwas zu erreichen, zumal
420 3346 4126 3674 bei d. ewigen Auf u. Ab des Weges oft an d. gegenüber„
426 3481 3988 3842 liegenden Hängen Verschiedenes anstand u. ich so
401 3687 3781 3968 kein Bild von d. relativen Folge zu gewinnen
388 3809 4082 4144 vermochte. Einmal ging d. Weg eben auf einen
420 3965 4119 4355 Plateaurücken, hier wildes Gewirr von Schlingpflanzen,
380 4171 3946 4538 Wurzeln, Bäume, Lianen, überhaupt nicht mehr zu
389 4329 3947 4684 unterscheiden, so daß mir Fließ' Ausführung über d.
349 4501 3883 4897 1000-jährigen Rosenstock einfiel. Rechts u. vorn
380 4846 1423 4944 zog sich d. lange
1366 4889 1702 5021 Doppel-
1472 4647 3771 4956 Rücken des Likonde hin mit den
