4324 5213
255 239 511 447 148
624 231 3937 570 1. März. Sattler u. Janensch zu einem Glimmerfundort,
590 421 4053 674 ich muß, um d. Fuß zu schonen, wieder zu Haus bleiben.
627 648 2326 934 Brief an Mama. Gelesen.
661 821 3759 1040 2. März. Ali zu Besorgungen nach Mrogoro geschickt.
689 1044 3925 1216 3. März: Sattler fährt nach Daressalaam. Morgens
628 1150 3839 1453 zum ersten Mal das Gebirge in voller Klarheit
603 1312 2937 1583 u. Schönheit gesehen. Post erhalten.
693 1470 3843 1729 4.III: Morgens nach W ca 1 Std. weit in schönen
518 1642 3976 1914 Wald mit niedrigem Gras, wo Barappis sein sollen.
551 1828 3711 2121 Sah auch Spuren aber kein Tier. Ich habe Pech in
543 2081 3934 2278 diesem Lande. Indes sehr schöner Spaziergang, präch„
547 2204 3765 2496 tige Bilder in den Schamben. Freilich den Fuß
584 2415 2184 2658 wieder wund gelaufen.
828 2537 3949 2778 Wir wollten nachm. nach Mrogoro abfahren, da
599 2742 3917 3005 aber J. wieder mal „nicht Zeit gefunden“ hat, die
546 2894 3860 3116 nötigen Briefe vorauszuschicken, müssen wir's bis
536 3114 3923 3351 Montag verschieben. Er fährt selbst zu Vorbereitun„
622 3259 2471 3515 gen auf eine Nacht hinüber.
771 3418 2154 3660 H. v. Treitschke gelesen.
727 3534 4005 3841 5.III. Muß d. Fuß f. d. Reise wieder schonen u. entbehre stark
603 3714 2230 3999 lebhaftere Tätigkeit. Gelesen.
750 3820 3894 4188 Sonntag d. 6.III. Vorbereitungen zur Abreise. Schwierig„
597 4074 1985 4305 keit Träger zu erhalten.
806 4171 4018 4479 7.III: Ali u. 1 Mann gehen aus, um Träger zu „requi„
538 4310 3983 4634 rieren, d. h. ergreifen sie bei d. Feldarbeit, lassen ihnen
527 4510 4055 4797 nicht einmal Zeit, von d. Frau Abschied zu nehmen, finden
535 4681 3856 4980 auch nicht d. geringsten Widerstand. Ein Askari hat vom
