4324 5213
3663 142 3911 335 113
436 254 4028 565 fangen. Dann sah ich einmal vorn unter einem Baum
425 440 3923 747 etwas Schwarzes. Auch mein Begleiter war nicht sicher, ob
429 628 4011 908 es ein Tier war, und da ich schon so oft durch Baumstäm„
453 782 3853 995 me oder Blätter getäuscht bin, bewegte ich mich ohne
414 983 3857 1248 besondere Vorsicht, um besser sehen zu können. Da ging
447 1109 3971 1407 mit Schnauben ein schöner Einzelgänger davon. Nachher
469 1273 3905 1528 konnte ich 1 Tier der Herde, die nur aus Weibchen
471 1450 4008 1738 zu bestehen schien, erlegen. Damit ist mein Blutdurst
490 1608 3811 1837 einstweilen gestillt. Ich habe als Anfänger eine ganz
521 1784 4006 2067 hübsche Zahl verschiedener Großwildschädel erbeutet. Eigent„
495 1962 3802 2261 lich komme ich mir bei dem Töten als ein ganz
511 2181 4018 2447 wildes Raubtier vor. Das Wetter war angenehm, der
502 2327 4075 2557 Himmel zeitweilig bedeckt, aber wie in d. beiden
540 2481 4074 2818 vorhergehenden Weihnachtstagen kein Regen. Gegen
537 2652 1342 2973 12 zu Haus.
749 2906 3624 3167 Legte mich nach Tisch auf's Bett, um mich ein
576 3009 3902 3347 wenig zu strecken u. d. Fliegen zu entgehen. Keine
566 3241 3918 3509 Spur von Müdigkeit. Nach kurzer Zeit merkte ich, wie
536 3415 3785 3698 sich Fieber einstellte. Bei 39,7° befand ich mich noch
532 3568 3983 3874 immer vollkommen wohl. Dann fiel es allmäh„
536 3746 3813 4081 lich während der Nacht, besonders infolge starken
606 3954 1275 4292 Schwitzens.
652 4145 3715 4464 In d. Nacht ein schönes starkes Gewitter mit
576 4325 4004 4643 vorangehendem Sturm. Merkwürdig dumpfe. Donner,
551 4511 1633 4825 wie unterirdisch.
