4324 5213
319 201 462 380 66
551 233 2643 513 Vorschein an verschiedenen Plätzen.
778 473 3950 674 9 Sept. Mein diesmal anscheinend harmloserer Durch„
538 571 3732 824 fall verlangt heut dringend Schonung u. zwingt mich,
544 707 3398 939 das Bett zu hüten. Scene Jesus-Pilatus begonnen.
700 881 3846 1112 10 Sept. Aufgestanden, aber noch Schonung. Niedergeschrieben,
562 1031 3610 1250 auch Ethnologisches für Naturw. Wochenschr. begonnen.
748 1203 3801 1464 Neuer Arbeitsplatz hinter d. Tendaguru in Angriff
585 1409 1392 1624 genommen.
673 1560 3854 1761 11. Sept. Muß noch d. Lager hüten, mache einige Rund„
534 1661 3884 1905 gänge in d. Nähe, die mir aber noch schwer fallen.
632 1825 1408 2082 Poscho-Zahlung.
763 1906 3976 2199 Sonntag d. 12. Sept. Vorm. Im Lager geblieben, während Janensch
515 2081 3919 2435 jagte, benutzte die gute Gelegenheit zu weiterem Niederschreiben, besonders
545 2237 3912 2560 des ethnolog. Aufsatzes. Ich kann in Gegenwart oder mit Wissen
545 2329 3967 2681 eines Fremden nichts leisten, wäre ich ganz  allein, würde
552 2479 3104 2886 ich zweifellos mehr von der Stelle bringen.
819 2772 1670 3014 Ne umayo gelesen.
700 2809 3984 3183 13 u. 14.IX. Gräben in der Nähe besichtigt. Plan der Grabungsplätze, Briefe
598 3000 3851 3342 15. Sept. Wieder soweit in Ordnuer, daß ich mich üb. den Maimbui
547 3158 3898 3481 führen lasse, um neuen Knochenfund zu besichtigen. Durch Mißver„
546 3231 3913 3640 ständnis kam ich nicht dorthin, ließ mich daher zu einer noch nicht
571 3444 3978 3794 gesehenen Wasserstelle führen u. fand dort in traulichem Verein Affen,
568 3586 3988 3886 Perlhühner u. ein Ngorombwe, welch letzteres ich auf ca 80-100 m. glück„
560 3737 3482 4071 lich erlegte. Fühlte mich beim Gehen noch recht schwach.
735 3847 4002 4188 Abd. Im Lagerdorf kommt Feuer aus u. vernichtet 5 od. 6 Hütten, an
578 3977 3946 4330 denen ja freilich nichts verloren ist. Die Leute wissen dergl. recht diszi„
554 4085 3904 4490 pliniert zu bekämpfen. Nachher fiel Alles wieder über die Wamuera
567 4263 3807 4578 her die an allem schuld seien, doch zum Schluß reinigten sie die
559 4344 3417 4685 Brandstätte  unter Gesang, ihre Heiterkeit ist feuerfest.
