4324 5213
3793 180 3967 349 59
384 243 3963 500 hervorheben können. Schachpartie mit Janensch aus d. Zeitung.
499 419 4057 615 23. Aug: Vorm. in den alten Schamben ein Mbawala geschossen.
364 547 4075 844 Die Kugel ging auf beiden Seiten durch's Blatt u. damit sprang
384 696 3278 1017 das Tier noch 30-40 m., ehe es zusammenbrach.
654 920 1720 1162 Briefe geschrieben.
464 945 4013 1310 24 Aug. Mit Boy den Quellfluß (Kipande) abwärts gegangen, bis
444 1184 3861 1476 in's Tal. Interessante geogr. Stufen im Zusammenhang mit
424 1326 3964 1662 geolog. Aufbau (Verwerfungen, drei Stufen). Gute Fossilfunde.
453 1484 3709 1781 Unten löst sich das Flußbett plötzlich auf u. geht in ein
423 1692 1696 1979 weites, flaches Talbett
1508 1663 1849 1766 becken
1643 1587 3818 1883 über, das allenthalben gleichmäßig
439 1747 4062 2080 bewachsen u. m. Bäumen bestanden ist. Zum Glück war hier Feuer
458 1934 3994 2298 hineingedrungen. Ich sah eine Schar kleiner Nager mit schwarz u.
466 2113 4142 2425 gelblich geringeltem Leib, sowie drei Warzenschweine in einem
462 2203 4145 2562 Volk Schopfperlhühner. Am Fuße des Plateau-Abhangs hin über
421 2428 4096 2714 mehrere geröllbedeckte, aber wohl sämtlich aus Saurierschichten
450 2556 4077 2904 aufgebaute Hügelzüge (Ausläufer) zur Barrabarra u. zum Lager
462 2863 850 3112 zurück.
584 2858 3995 3177 Weber's „Demokrit“ begonnen, sagt mir wenig zu. Ein sehr
447 3034 4080 3423 gehaltreiches Konglomerat von Anekdoten, aber manches Häßliche
434 3185 4031 3498 u. im Grunde nicht eben tiefe Flächenarbeit ohne Kunstgefühl.
533 3355 3073 3575 Allein auf d. Tendaguru z. Sonnenuntergang.
639 3392 3911 3718 25. Aug: Den Weg zur Barrabarra hinab u. an dieser
467 3506 3981 3880 entlang zu den Arbeitsplätzen. Ich füge diese Streifen jetzt
478 3714 3990 4023 in d. Morgenstunden ohne Verlust der übrigen Arbeit ein,
496 3925 4103 4161 um endlich m. d. geol. Aufnahme zu beginnen. Wir haben
464 3986 3973 4355 noch immer keinen Einblick in d. Aufbau. Und dabei
480 4219 3869 4601 giebt es Fossilien in Hülle u. Fülle. Glaube jetzt die
498 4391 3991 4728 3 Stufen u. Verwerfungsrichtung SSO-NNW zu erkennen
491 4601 4088 4957 u. habe auch sonst Verbindungen gefunden. Profile entworfen.
