4324 5213
3601 155 3788 306 93
431 203 3976 464 grade Vollmond gewesen war, einen herrlichen, farb„
434 336 2542 590 losem Mondregenbogen gesehen.
629 495 3829 719 27. Nov. Hatte d. Absicht nach Mtapaia auch 2 Nächte zu
484 678 3901 924 ziehen, um d. Wasserböcke zu jagen u. einige Fossil„
494 795 3789 997 orte auszubeuten. Gestern trafen aber verspätet u.
494 972 3968 1155 nicht mehr erwartet 60 Träger aus Ntondo ein u.
424 1121 3785 1369 da d. Usagara-Haus um baldiges Einpacken bittet,
452 1240 3996 1518 (heut Ankunft d. Post), muß ich morgen nach Lindi.
507 1472 3905 1700 Zufällig auch eine wichtige persönliche Angelegenheit
490 1577 3859 1816 dort abzumachen, Ausfertigung einer Generalvoll„
493 1740 3138 2016 macht f. Richard, die ich heute erhalte.
288 1986 4104 2256 Sonntag 28. Nov. Früh Abmarsch mit 62 Trägern f. Knochen„
539 2065 4019 2425 lasten u. 17 für's Zelt. ½ Std. von Janensch begleitet,
486 2261 4036 2552 der wieder auf Barappi's ausgeht. Einige kräftige
484 2533 3787 2750 Regengüsse unterwegs, daher mittags um 12 im
528 2626 4093 2883 Lager d. Bodenkape umgenommen. Vom Kumihu aus
513 2790 4006 3064 anderer Weg als bei Ankunft, Lager beim Karani
509 2943 4085 3255 Ndonde unmittelbar am Fuß des Noto. Schickte einen
490 3145 3740 3450 Mann aus, auf Großwild zu fahnden, u. da er nach
492 3313 3993 3639 kurzer Zeit Hartebeest-Antilopen (Ngosse) meldete, noch
501 3511 3830 3786 vor Tisch ausgezogen. Bekamen sie von weitem zu
497 3660 3882 3976 Gesicht, aber sie entflohen sofort. Verfolgung vergeblich,
494 3857 4020 4176 da fortwährend springender Wind, der uns schon von
498 4020 3431 4358 fern verriet. 1 Perlhuhn mit Büchse geschossen.
661 4199 3763 4499 Der Jumbe vom Noto kam herab mich zu begrüßen.
528 4348 3964 4626 Abd. nochmals auf Jagd, wurde aber schlecht geführt; noch
545 4507 1739 4791 ein Perlhuhn erlegt.
477 4641 3819 4953 Sah einen sehr niedlich gearbeiteten Vogelkäfig mit
