4324 5213
351 197 469 386 8
397 191 3961 465 mit Tongesteinen gleicher Farbe fortwährend zu wechseln
396 374 3645 619 oder zu solchen zu verwittern. Wegen starker
368 513 3403 765 Löwengefahr Gewehre geladen u. Falle gestellt.
530 651 3918 955 14.IV. ¾6-¾11 Marsch auf d. fast ebenen Noto-Plateau bis
396 866 4010 1166 zum Yumbens (4. Lager). Auf d. Wege sehr viel Spuren, darunter
417 1029 3998 1306 Leopard u. kl. Wildkatzen, sonst Antilopen. Kurz vor d. Jumben
398 1138 3873 1511 stärkerer Anstieg. Nachm. Schießübungen nach Flaschen. Ring„
429 1337 3903 1627 kämpfe d. Schwarzen. D. Leute essen nur einmal am Tage
424 1478 4051 1746 ordentlich Mtama, sind in d. Mehrzahl stets vergnügt, singen
409 1622 4003 1891 unterwegs u. gehen mit d. schweren Lasten (auf Schulter
379 1789 3336 2137 od. Kopf) so schnell wie wir. Abends kühl.
432 1953 4072 2234 15.IV. Abstieg vom Noto. Schöner Blick auf d. Binnenland. Deutscher
411 2130 3949 2393 Mittelgebirgscharakter. Vegetation für geolog. Beobachtungen
418 2316 3937 2600 zu stark, Abweichen vom Wege kaum möglich. Fünftes
405 2446 3727 2740 Lager um 9h vorm. im Dorf kwa Kumihu. Die groben
427 2590 3968 2897 Konglomerate schienen sich aus d. Landschaft herauszuheben
404 2742 3931 3014 u. außerdem die allerwärts verbreiteten Gerölle von
405 2896 3075 3221 Quarz u. kristallinem Material zu liefern.
500 2976 4050 3380 16.IV. Marsch zum Tendaguru ½7-10¼. Viel Dickicht, Bambus-
429 3173 3937 3553 gestrüpp u. rechten Urwald, sehr interessant, aber f. Träger
414 3412 3941 3645 unbequemer als d. parkähnliche Barra-Barra auf dem
408 3508 3931 3843 Noto. ¼ Std. vom Lager Korallen am Wege, gleich
431 3672 3811 3977 darauf guter, wichtiger Aufschluß am Matarawe-Bach: Oolith
459 3828 4059 4135 unterlagert von dunklem Ton (Grundwasserspiegel? klares Wasser)
463 4033 3983 4304 Streckenweis durch das Wasser des Mtshingiri, kurz vorher
453 4235 4047 4464 molluskenreicher Kalk (Trigonien-Schicht?) ¼ Std. vor d. Lager„
461 4346 3920 4672 platz erste Saurierknochen am Wege , 1 Std. vorher
466 4495 3961 4774 Abstieg mit prächtigem Blick auf d. Inselberg Tendaguru u. d.
439 4714 2044 4969 Höhen von Namwiranye.
