4324 5213
412 267 655 467 118
465 238 3897 526 machten wir am Fuß des Noto Mittagsrast; es fand
506 402 3887 708 sich dazu ein Plätzchen unter überhängendem Dach. Ich
460 532 3836 858 nach Tisch in's Pori gegangen, weil ich Perlhühner gehört
487 701 4014 1067 hatte. Aber sie hörten auf zu rufen u. in dem bereits sehr
494 866 3879 1248 hohen Grase nichts mehr zu sehen. Abend zum Jumben
491 1059 3738 1407 (Mwenjedadi auf Noto. Kurz nach d. Ankunft begann
560 1262 3889 1605 ziemlich kräftiges Gewitter. Durch den dichten Regen„
563 1399 3963 1776 dunst leuchtete ein grelles, gleichmäßig verstreutes Rot
548 1604 4039 1910 u. Gelb der sinkenden Sonne. Die dunklen Hütten hoben
547 1796 3949 2119 sich als Silhouetten dagegen ab. Es war ein Gemälde
551 1967 1977 2291 der Worpsweder Schule.
764 2151 3823 2493 8 Januar. Morgens wieder ein wenig Regen,
616 2404 3918 2630 doch konnten wir zeitig genug aufbrechen u. hatten
629 2478 3997 2834 wieder angenehmen Marsch. Auf Lutende. Mittagsrast,
625 2677 3949 3009 abends nach Namembo hinab. Ich fühle mich wohl, aber
645 2840 4068 3203 ungewöhnlich müde u. habe das Gefühl, als stecke mir
633 3037 4053 3298 immer noch unentwickeltes Fieber in den Knochen,
623 3194 4016 3567 so daß ich mich recht auf Höhenluft u. Ferien freue.
763 3487 3983 3767 9 Januar. Seit nachts 2 Uhr heftige Gewitter u. Sturm,
630 3617 3823 3961 morgens bis gegen 8 gewartet, dann bei schwächer
631 3769 3979 4080 werdendem Regen aufgebrochen; nach ca ¾ Std. ließ er
651 3979 4091 4315 ganz nach, aber die Wege am Fuß des Kitulo u. beim
612 4175 3908 4498 Aufstieg gänzlich durchweicht u. d. Luft sehr schwül.
628 4360 4005 4617 Der Marsch heut nur kurz, doch taten mir d. Träger
609 4507 3905 4817 mehr leid, als gestern u. vorgestern. Gegen 11½ in
615 4664 4097 4931 Lindi. Werden wieder in d. Usagara aufgenommen.
