4324 5213
3714 192 4019 320 133
477 232 4047 515 ich photographierte, u. d. Goanese im Zuge ließen in
541 453 4031 691 km. 118 nicht halten u. ich hätte bis Ruvu fahren
550 525 3968 920 müssen, wäre nicht zufällig d. Stationsvorsteher
562 731 4044 1122 aus Ngerengere mitgefahren, der mich besucht hatte
560 957 3841 1315 u. durch Pfeifen auf d. Strecke halten ließ. Die
604 1106 4073 1507 vorausgeschickten Träger ließ ich abds von km 123
593 1363 4101 1720 herbeiholen. Da ich unerwartet bis Ruvu bezah„
541 1527 4037 1920 len mußte, kostete mich mein Fuß 14,50 Rps.
791 1770 3915 2098 Während des Lastenpackens beim Shamiri u.
526 1967 3910 2323 am Wege hatte ich flüchtig beobachten können:
521 2156 3945 2502 Das Dorf liegt auf einer Erhöhung, an dem
509 2399 3841 2628 Oolith (vgl. Gongarogua-Bge!) den Hauptanteil
502 2566 4052 2898 hat; am W-Abhang zum Ngerengere hin unter ihm
554 2741 4066 3072 der gleichfalls  oolithische harte, blaue Kalksand„
532 2971 2044 3255 stein, über ihm aber
1643 2897 2240 3041 mit ihm
1999 2929 3750 3212 wechsellagernde sehr harte
535 3095 3255 3370 konglomeratische Bänke. Am Westabhang
2767 3110 2915 3186 S- ?
3255 3205 3851 3374 dagegen ?
535 3341 3957 3618 sah ich nur zu unterst die feinen braunen Sand„
516 3504 3019 3786 steinletten, darauf (mit Zwischenlagen)
2722 3465 3008 3578 eine
2970 3478 4063 3813 sehr fossilreiche
518 3698 4092 4032 harte Kalkbank (auf Schnitt- u. Bruchflächen unkennt„
523 3928 3959 4220 liche Schalen) eingelagert in lockern, tonige Letten,
511 4093 4123 4378 die in tonigen Boden übergingen (ident. mit denen
479 4310 3968 4568 bei km 136,9-137,4?). Einfallen südlich, also offen„
448 4509 2482 4817 bar gleichfalls über d. Oolith.
609 4664 3751 4961 Zelt an d. Haltestelle km 118 (117,8) aufgeschlagen. Das
