4324 5213
3860 205 4034 374 29
344 258 3910 455 sehr verständigen Menschen, unter seltsamen Gebärden
370 329 3812 556 seine Handschellen in der Luft schwingen zu sehen.
401 474 3956 787 Ein Kommers bei Lichte besehen ist gewiß nicht der Höhe„
405 632 3922 934 punkt von Kultur, aber gegen diesen Stumpfsinn ist er
387 823 1557 1016 ein Waisenknabe.
589 918 4004 1208 Mit Dr. J. südl. d. Tendaguru (ca 1 Std.) neuen Knochen„
416 1082 3799 1343 fund besichtigt. Die Saurierschicht steht dort in einem
380 1237 3741 1515 Wasserriß (Tikutikuti) erheblich tiefer an, anscheinend
408 1434 3823 1647 durch Verwerfung in niedrigeres Niveau gelegt. Sehr
421 1607 4097 1788 interessante Funde, d. Knochen ragen mitten aus einer
422 1713 2389 1992 angeschnittenen Wand hervor.
623 1843 1964 2150 Nachm. u. Abd. Schach.
508 2099 4033 2291 7. MaiJuni Vorm. Einige wichtigere Knochen aus d. Gräben
396 2237 4124 2484 im Magazin geborgen. Nachm. an d. Quelle. Abds. Sonnen„
396 2415 2756 2659 untergang auf d. Tendaguru. Schach.
469 2519 4012 2851 8. Juni: Abends mit Dr. J. zur Barrabarra, nördl. d. Tendaguru.
438 2702 4078 3075 9. Juni: Vorm. m. Sefu auf Taubenjagd. Jetzt schwer anzukommen,
452 2872 4061 3141 da d. Tiere auf ganz entlaubten Bäumen frei im Rundblick haben.
2524 2996 3483 3207 Abend. Tendaguru.
400 3200 896 3444 10. Juni:
809 3069 2470 3259 Vorm. Mbawalla-Schädel gezeichnet
846 3132 3980 3433 Nachm. Dr. J. photographiert Skelett A. Abend am Westfuß d.
448 3314 3968 3622 Tendaguru nach Sonnenuntergang. Bewölkung, einzelne Tropfen.
369 3453 3975 3824 11. Juni: Knochen geborgen. Endlich Träger aus Lindi, aber
459 3588 4103 3931 noch immer nicht d. Post, die am 5 in Lindi eintreffen
426 3771 2958 4112 sollte; Dampfer hat 4-5 Tage Verspätung
377 3911 3801 4316 12 Juni: Mittags zum ersten Mal in Afrika vollständig
418 4050 3929 4381 bedeckten Himmel beobachtet. Sehr angenehme Tem„
395 4183 3486 4632 peratur für einen Ausflug, leider Posho-Tag.
490 4430 3743 4747 Abend Schach-Partie m. Dr. Janensch, nicht beendet.
328 4666 3664 4991 Sonntag: 13 MaiJuni Vorm. auf d. Tendaguru gemalt.
