4325 5213
3845 177 3982 361 77
452 247 3970 464 Jetzt war ich 4 Std. unterwegs u. kehrte auf gradestem Wege
424 375 3919 648 (2½ Std.) durch Pori u. kleine Wege heim, sodaß ich wohl Mta-
419 541 4044 826 paia in ganzer Ausdehnung kennen lernte. Hier trennen
437 672 3923 956 sich d. Wege nach Makumba u. Niongala, die Entfernungen
438 856 3727 1058 wurden mir als „6 Std.“ u. „7 Std.“ angegeben. Auf dem
467 1013 3016 1258 Rückwege noch eine Knochenstelle gefunden.
704 1158 2157 1401 Nachm. Briefe geschrieben.
517 1304 3987 1513 7. Oct. Im Doanika-Bach geklopft. Stanley ausgelesen; zu sehr
379 1470 3904 1768 Reporter, oder beeinflußt mich meine Feindschaft gegen die
455 1690 1060 1910 Zeitungen?
592 1854 3921 2071 Abd. auf d. Tendaguru. Zum ersten Male hier entwickelt, mit
442 1960 835 2214 Erfolg.
487 2116 3955 2368 8 Oct. Dicht am Lager u. nahe Skelett A entwickelt sich wieder eine
418 2320 3955 2594 schöne Fundstelle im Graben. Nahe Skelett D ist ein Skelett mit
420 2483 3871 2694 allen 4 Extremitäten ausgegraben; die Zehen mußten da
411 2705 3853 2916 sein; ich ließ graben u. fand sie (anscheinend 3-zehiger Vorder-,
430 2824 1692 3065 5-zehiger Hinterfuß!)
564 2966 4101 3222 Abend: durch die Schamben spazieren gegangen, nur Perlhühner.
427 3202 1502 3471 9 Oct. Poscho-Zahlung.
404 3398 4046 3699 Sonntag d. 10. Oct: Endlich einen lang ersehnten Ruhe-Sonntag
469 3608 4100 3846 gemacht. Im Lager gezeichnet, Post abgefertigt. Wegen vieler
435 3754 3734 3988 kleiner Angelegenheiten u. eines Shauri (wir mußten
421 3889 3991 4181 sogar heut prügeln lassen) auf d. Tendaguru geflüchtet. Pano„
426 4124 2449 4366 rama nach W u. N. aquarelliert.
517 4266 3937 4454 Nachm. Gelesen Beschreibung von Stanley's Durchquerung Afrikas.
399 4463 3589 4616 Die Darstellung ist gradezu abschreckend u. das hat ein
403 4597 3567 4864 Gymnasialdirektor geschrieben!!! Inhalt befriedigt aber.
482 4763 1840 5006 Abds. in den Schamben.
