4324 5213
3862 247 4050 375 13
463 262 3909 486 Verschwimmen des Ganzen in einem leisen Mond„
450 416 3919 644 scheine gab Stimmung genug, um den leider nur so
413 519 3204 792 kurzen Tag in guter Erinnerung zu halten.
624 676 4003 934 28.IV.09. Vorm. Ankunft des Herrn Besser von der
436 835 4055 1151 D. O. A. G., der Sattler ablösen wird. Abend wieder zum
410 1045 4113 1269 Sonnenuntergang auf d. Tendaguru. Die neue „Gelegenheit“
409 1176 3477 1406 im Lager mit einer „bata baridi“ gefeiert.
523 1323 4042 1604 29.VI.09. Auch dieser ernste Tag in fremder Erde. Könnten die
419 1491 3901 1776 Dahingegangenen doch noch an meinem Glück teilnehmen!
581 1647 3779 1935 Nachm. Etwas gemalt (im Zelt) Ankunft, der
458 1793 3866 2148 Post aus Europa, d. ersten Nachricht v. d. Meinigen
436 1994 4030 2325 seit  Neapel. Liebe Geburtstagsbriefe. Zeitungen.
619 2195 3722 2507 30.IV.09. Im Graben stellen sich immer mehr
438 2372 3889 2633 Knochen heraus, die gewiß nicht zu Dinosauriern
504 2530 1040 2794 gehören.
697 2657 3875 2867 Nachm. Präpariert. Geschrieben. Wollte noch etwas
466 2848 3849 3090 malen, als mir plötzlich angeboten wurde, sofort
487 3016 3833 3242 m Sattler u. Namwiranje abzumarschieren. Ich
460 3109 3796 3355 hatte diesem Wunsche einmal Ausdruck gegeben
509 3277 3813 3515 um d. v. Tendaguru gesehene Land aus d. Nähe
442 3402 3632 3655 kennen zu lernen u. Beobachtungen im
486 3533 3850 3766 Grenzgebiete d. Gneises u. der Sedimente zu
482 3701 3841 3948 machen. Ich war sofort bereit, 1½ Std. später zogen
512 3886 4004 4101 wir ab, mit mir gingen Boheti, Koch, 2 Boys u.
470 3960 3930 4176 10 Träger. Sehr warm. Abstieg in's Mbenkuru-
470 4087 3629 4422 Tal. 1 ¾ Std. guter Marsch bis zum Jumben
3116 4106 3618 4244 v. Nanundo
3581 4142 4111 4411 zuletzt
463 4294 3927 4585 in hellem Mondschein. Unten stärker besiedelt,
451 4482 4080 4767 andere Vegetation, aber auch richtige Fieberluft.
488 4632 3902 4933 Einige Hütten ungemein malerisch u. echt-afrika„
