4324 5213
3725 176 4006 354 141
505 267 4122 468 einmal sah ich einen Swalla-Bock schlecht von hinten,
488 411 3803 684 durch eine Lücke im Gebüsch u. schoß ihn gleichfalls an
488 577 4071 880 ohne ihn auffinden zu können. Das ist mir stets beson„
497 749 4115 1042 ders ärgerlich. Mein Führer irrte sich total in d. Richtung
531 958 4016 1223 wir verloren ca 1½ Std. im hohem Grase, bis Ali u. ich
551 1099 3545 1409 die Führung übernahmen. Auf anderm Wege
3291 1091 3631 1228 um 2
3498 1160 3830 1315 in's
529 1332 3987 1586 Lager zurück, ziemlich ermüdet, wozu die Erfolg„
574 1538 4116 1797 losigkeit zweifellos beitrug. Janensch hatte auch Giraffen
588 1707 4095 1990 gesehen, ich eine Stelle, wo kürzlich ein Nashorn durch„
579 1877 4077 2167 gegangen war. Allenthalben auffallend niedriges Gras
579 2039 4121 2358 nach d. Erfahrungen in Mikesse, außer nahe dem Fluß.
564 2262 4061 2468 Mir wurden kleine Vögel gezeigt, die auf nahes Wild schlie„
522 2381 4033 2674 ßen lassen, aber nach Ansicht d. Eingebornen keinen Zweck
555 2583 3137 2861 verfolgen: rafiki tu. Sie heißen chassi.
738 2781 3856 3058 Aquarelliert, abds in d. freilich nur flachen Fluß
493 2977 3907 3242 gebadet. Schöner Mondschein. Nachts Gewitter u. Regen.
749 3225 4043 3506 22.II. Heut Jagdgebiete vertauscht, Janensch sah Giraffen
577 3368 3921 3658 u. schoß ein Swalla, ich sah absolut nichts u. ärgerte mich
605 3524 3904 3860 über das nicht hohe, aber sehr verfilzte u. ganz nasse
561 3724 3934 4006 Gras, das meinem Fuße nicht bekam. Ich bekam abso„
575 3904 3859 4174 lut nichts zu Gesicht u. mußte mich mit der Fest„
565 4094 3959 4362 stellung des Gesteins mit d. langen, turmförmigen
607 4311 3949 4581 Schnecken begnügen, das hier einen langen Hügelzug
587 4393 3742 4704 bildet. Auch d. Fliegen peinigten mich arg. Wenig
573 4608 3201 4869 Regen, meist bedeckt u. nicht eben schwül
