4324 5214
3731 194 3936 345 83
549 280 3875 490 Thackeray lese ich mit Behagen u. gelegentlichem Widerstreben,
393 400 4005 627 weil es anstrengt, ständig in einen verzerrenden Hohlspiegel zu
420 542 3976 840 sehen. Aber der Humor ist so liebenswürdig, die Kleinma„
403 733 4040 977 lerei oft so fein, daß ich immer wieder nach d. Buche greife.
421 885 4096 1213 Und außerdem hat die Kunst der Karikatur, zu verschimpfieren
373 1044 3960 1357 u. dennoch ähnlich zu machen, für mich seit je, besonders
377 1228 3195 1491 im Zeichnen, etwas Bewunderungswürdiges.
707 1406 3825 1708 29. Oct. Früh ließ ich mir Knochenfunde in d. 2ten
377 1566 4017 1844 Stufe am Plateaurande unweit des Lagers zeigen, schoß
412 1760 3887 2024 ein Ngorombwe aus d. Ferne an, weil d. nachgelaufene
397 1972 3918 2256 Hund eines Boys d. Tier verscheucht hätte, ehe ich näher
412 2134 3856 2416 kam. D. Blutspur führte in hohes Gras, wo wir es noch
463 2275 3905 2528 2mal aufspringen sahen. Ich ließ mehr Leute kommen
445 2439 4021 2773 u. wir fanden es nach langem Suchen noch einmal,
392 2590 3952 2889 indessen floh d. arme Tier m. 3 Beinen so schnell, wie
440 2775 3251 3093 nur irgend ein Ngorombwe fliehen kann.
680 2949 3757 3268 Boheti kehrt in's Lager zurück, endlich! Seine
339 3199 3681 3491 Abwesenheit ist ein Teil unsrer Zeit, der uns wirklich
367 3316 2482 3632 einmal lang vorgekommen ist.
583 3455 3872 3767 30. Oct. 15 Träger mit Lasten nach Lindi abgefertigt,
396 3597 3950 3996 da ich höre, daß auf der ersten Safari nichts passiert
382 3776 4025 4154 sei. Poschotag. Abermals nehmen an 40 Mann Urlaub
344 3968 3251 4254 oder Entlassung. Uns bleiben wenig über 100.
559 4121 3970 4384 Sonntag d. 31. Oct. Hatte d. Barappi-Herde am Maimbui auf„
390 4353 3805 4673 suchen wollen, aber der Führer bleibt aus. Ging daher mit
410 4488 3807 4751 2 Begleitern in d. Schamben u. jenseits des Mtapa, um den
417 4593 3961 4961 Einzelgänger zu fassen. Brachte aber wieder nur 1 Schopfperlhuhn
415 4780 3777 5023 u. ein paar Tauben mit. Morgens wurden (nicht
