4324 5213
3636 174 3815 302 73
434 255 4012 502 Sonntag d. 3. Oct. Da morgens jetzt kurz nach d. Vollmond Mond„
452 346 4095 679 schein, endlich die Namunda-Tour gemacht. Ich setzte durch, daß
464 475 3976 786 wir schon vor 5 abmarschierten. Unterwegs bekam ich ein„
472 658 3839 936 mal ein Ngorombwe, einmal ein Schwein vor das
484 838 3998 1042 Gewehr, das aber leider nicht in Ordnung war; der
459 958 3979 1213 Schuß ging nicht los. Wir verfolgten Barappi-Spuren
488 1140 4071 1396 u. besichtigten eine Knochenstelle an d. Wasserscheide zum
468 1267 3920 1567 Mtshingiri (nichts Wertvolles). Hier mußte Janensch nach
500 1381 4011 1681 2 Std. Marsch bereits ausruhen, während ich vor Begierde
459 1522 3962 1837 brannte auf d. Höhe zu kommen. Als wir d. Weg zum
420 1656 4125 2042 Plateau an dessen Fuß wieder erreichten, sprang eine
448 1813 4053 2094 Herde Barappi auf. Ich verfolgte sie mit J. eine Strecke
463 1954 3868 2314 getrennt, sah nur 3 Ngorombwe u. kehrte nach ½ Std. zum
449 2069 3971 2393 Ausgangspunkt zurück in d. Erwartung J. schon dort zu
441 2242 4111 2573 finden. Er hatte aber bereits etwas von „evtl. Aufgeben“
433 2429 3919 2707 verlauten lassen u. als er bis ½9 nicht zurück war,
439 2591 4046 2864 befestigte ich eine Nachricht an einem Baum u. ging mit
451 2747 4030 3023 meinem Boy, um das Vorhaben nun endlich auszu„
481 2858 4079 3221 führen. Auf meinen Thee u. d. Rücksack m. Hammer u. Apparat
412 3014 3868 3317 mußte ich verzichten, J's Begleiter trugen ihn. Bald öffnete
411 3206 4046 3537 sich rechts ein schöner Ausblick über hohe Bäume hinweg
427 3301 3790 3635 auf d. Tendaguru, der schon tiefer lag. Der Weg führte auf
413 3560 4039 3844 schmalem Rücken dem Hange des Plateaus hin u. mün„
429 3699 3806 3962 dete auf einen breit ausgetretenen, der vom Karani
403 3860 4073 4131 Ligoma heraufführte. Er ging jetzt prächtig am Abhange hängend
508 4091 4045 4307 schräg hinauf, überschritt eine Kante u. mündete auf einen
476 4179 3993 4497 freien Platz, auf dem ich unwillkürlich das Schild „Schonung“
404 4406 3954 4663 suchte. Das Gras abgebrannt, kahle, schwache Stämmchen u. erste
426 4490 3815 4780 Andeutungen von Unterholz. Weit u. frei schweifte der
388 4634 3900 4928 Blick nach W, N u. Ost über die Plateaus u. die Gneißebene,
