4324 5213
423 199 575 344 46
564 217 1820 500 don-artiges Gestein.
524 402 1760 653 Bröselige Sandsteine,
528 461 3945 800 Weiße „ „ (d. einzige, was allenfalls an Saurier„
1394 647 3815 960 schichten erinnern könnte, wäre nicht die
1414 814 3399 1076 Buschvegetation so verschieden,
581 956 3892 1276 im Tale zwischen d. Schamben ferner Trigonien-Schicht,
573 1160 2693 1463 nirgends eine Spur von Gneiß.
828 1242 3925 1613 Am Fuße stellte sich leider heraus, daß wir den
489 1427 3816 1849 Akiden heut nicht mehr erreichen konnten u. vor
537 1535 3866 1996 ihm kein Dorf weiter zu erwarten war, so daß ich
498 1723 3848 2222 schon hier nach nur 3-stüBndigem Marsch d. Lager
500 1926 3732 2390 errichten mußte (eim Karani). Ich wurde durch
521 2052 4047 2466 anscheinend treffliche Jagdaussichten entschädigt, brachte
526 2212 4034 2628 aber bis Mittag nur 1 Taube zur Strecke ein Putuka
562 2347 3877 2859 entging mir trotz günstigster Umstände, da ich nicht
565 2653 2120 3035 Zeit zum Zielen hatte.
789 2753 3808 3164 Hier, wie auch gestern u. in Matapua d. Wamachinga
505 2910 3871 3249 vertreten, neben Yao's u. drüben Muëra, auch Wandonde
521 3110 3735 3423 meist reichlich. D. Eingebornen betonen d. Unterschiede
499 3223 3968 3504 viel schärfer als physiologisch od. psychologisch zu rechtfertigen
503 3387 3959 3698 ist. Dicht bei meinem Zelt im Wasserriß Baumkakteen (?),
484 3558 3865 3820 d. mir Verwandtschaft m. Palmen zu zeigen scheinen?
492 3680 3991 3946 Auch sie wie viele andre Bäume in Afrika u. bei uns am
483 3858 3839 4117 deutlichsten die Buchen zeigen jene Drehung des Stammes
455 3958 3978 4278 (anscheinend ohne Gesetz nach rechts od. links), die wohl dem
480 4070 4011 4325 Ganzen sehr viel größeren Halt gewähren mag. Mir fällt
521 4211 3902 4455 hier ferner oft die große Rolle der Wurzeln oberhalb.
572 4346 3850 4590 des Erdbodens auf, man kann zuweilen den Stamm
535 4401 4033 4728 ein Wurzelkonglomerat nennen. D. Schwarzen
454 4604 4011 4888 sind übrigens ebenso schlechte Botaniker wie ich, es giebt wohl
434 4791 3900 4995 Namen f. d. Bäume, aber d. wenigsten kennen sie;
