4324 5213
197 276 426 485 100
415 230 3861 487 daß es vielleicht unvorsichtig gewesen war, in wildem Lande
427 403 3750 633 den Kugelvorrat nur nach dem Jagdbedarf zu bemessen. Nun,
437 517 3911 784 dieser Stammtisch dauerte 3-4 Stunden in Heiterkeit u. Frieden,
421 669 3955 919 dann zogen die Teilnehmer wieder in ihre Dörfer ab. Außer
443 795 3857 1071 etwas lauter Unterhaltung der großen schwatzenden Menge
480 957 3832 1229 u. einem Kerl, der vor meinem Zelt herumtanzte u. wegge„
467 1136 3827 1392 jagt werden mußte, nachher aber alle Fragen nach Wild„
457 1245 3711 1517 bestand beantworten konnte, war von „Unsitte“ nichts zu
434 1415 3649 1654 bemerken. Wenn es immer so harmlos ist, dann wird
430 1520 3866 1853 stark übertrieben. Mein friedliches Treiben wurde nicht gestört.
621 1704 3892 1989 7 Dez. Noch ein Abstieg, dann am Plateaurande hinauf nach Naholo.
447 1845 3824 2240 Prächtige Lage am Steilabbruch. Hätte ich's gewußt, wäre ich vielleicht
519 2032 3901 2388 gestern doch noch hergekommen, zumal hier d. Träger merkwür„
498 2160 3902 2529 digerweise reichhaltigere Eßvorräte finden als im Tal. Man sollte
485 2317 3753 2675 meinen, daß auf d. wasserlosen Höhe gänzliche Unfruchtbarkeit
459 2490 3692 2856 herrschen müßte. Meist Mhogo und Ananas, auch Mais. Der Weg
487 2663 3959 2997 hinauf führt über eine vorspringende Zunge, die einen gewaltigen
498 2807 3941 3200 Erosionskessel in zwei Teile zerlegt. Steilabbrüche wie üblich nach
536 2957 3848 3273 unten in sanftere Böschungen übergehend. Durch Naholo ohne
522 3124 3916 3478 Aufenthalt (das Gespräch mit d. Honoratioren ging im Marschieren
505 3324 3885 3627 vor sich) weiterziehend, erblickte ich zu meinem Erstaunen
522 3437 3969 3743 über den Baumgipfeln vor mir einen Berg, der die ebene
505 3572 3924 3987 Plateauhöhe ⹍ also nicht unbeträchtlich überragen mußte. Lei„
546 3735 3968 4052 der führte der Weg nicht in d. Nähe, doch schien mir nachher
559 3858 4023 4214 von ferne d. Angabe d. Eingebornen bestätigt, daß das Gestein
617 4008 3935 4322 bis oben hin d. Gleiche bliebe u. sich ein weiter Rundblick
567 4196 3971 4457 bieten müsse. Name d. Berges Tshiwambwe, Naholo wird auch das
565 4336 4004 4677 Plateaustück genannt. Schöne Parklandschaft, schoß auf eine große
593 4466 3879 4793 Zibethkatze, verfehlte aber leider. Nach kaum ½ Std. war der
420 4764 2956 5035 ⹍ Im Bornhardt finde ich, daß nach S. Steigung statthat.
