4324 5213
460 191 630 340 94
435 213 3675 523 zweifachem Balkon u. rot (aus Erde) gefärbtem Dach.
532 384 3889 709 Erforsche vom Jumben, daß ursprünglich aller roten
491 522 3984 899 Plateaus Likonde heißen u. Wamakonde ihre Bewoh„
504 817 884 957 ner.
1136 654 4012 913 Am Mtshingiri gute Fossilien, auch den gewünschten Ammoniten.
884 793 2896 953 Schöner Lagerplatz mit Blick auf Namunda
747 850 3889 1179 29. Nov. Hatte bis zum Nkanga-Fluß, morgen bis
506 969 3953 1306 Lindi kommen wollen. Doch mein Aufseher hatte
558 1197 3935 1523 der schwächlichen Wamuera u. Wandonde wegen ab„
573 1353 3896 1669 geraten u. mich um so leichter überredet, als
547 1494 3827 1784 mir nun nochmals Gelegenheit zur Hartebeest-Jagd
598 1631 3797 1990 geboten wurde. Ließ mein Zelt stehen, schickte die
578 1835 3932 2157 Knochenträger zum Jumben voraus u. ging früh
568 1974 3812 2324 los. Nach einer guten halben Std. scheuchten wir die
583 2151 3802 2492 Tiere auf, ein Schuß durch Bambusdickicht ging fehl;
579 2354 3932 2576 nun verfolgten wir lange u. scheuchten sie immer
587 2489 3797 2786 wieder auf, ich kam nur einmal auf sehr starke
597 2671 3867 2942 Entfernung zum Schuß, d. Tier ging merkwürdig
639 2802 3966 3131 langsam ab. Endlich nach 4½ Std. lag der Leitbock durch
613 2967 3718 3285 d. Hals geschossen, da in d. dichten Walde d. Blatt
609 3126 4043 3456 durch einen Baum geschützt war. Ich fand nun einen
624 3310 3900 3589 Fuß zerschossen. Schönes großes Expl. Die Herde hatte
623 3426 3789 3730 inzwischen Zuzug erhalten und war immer in
596 3585 3789 3880 Kreise u. in Schleifen gegangen. Sie sitzt hier
602 3747 3967 4043 zwischen Namunda u. Noto in einem geräumigen,
585 3919 3817 4191 schön bewaldeten Kessel, der vom wasserhaltigen
580 4070 3858 4358 Mtshingiri nach N-O abgeschlossen wird, u. kommt
611 4240 3834 4467 wahrscheinlich nie hinaus. Im übrigen auffal„
583 4400 3904 4672 lend wenig Spuren von Wild. D. Fleisch reichte für
645 4548 3734 4829 über 100 Mann. Nachm. gegen 2 Uhr mit Zelt
671 4745 3914 4966 zum Jumben nachgegangen. Hatte mich vor dem
