4324 5213
3818 221 3968 294 105
382 176 4002 485 aufführen (worin sie von älteren Frauen unterrichtet sind), „damit
372 342 4051 648 ein Mann komme u. sie heirate.“ Die Männlichkeit war dann
403 528 4002 819 auch aus allen Gegenden herbeigeströmt, um zuzuschauen u.
394 708 3985 1046 sich hernach etwa von 2-5 mit Pombe bewirten zu lassen.
411 864 3971 1197 Dieser 2te Teil d. Handlung fand unten an einer Stelle
407 1041 4006 1404 statt, wo ich am andern Tage eine längliche Bambushütte,
418 1224 4091 1579 wohl ein Jungfernhaus, fand. Leider erfuhr ich alles zu spät,
452 1447 3275 1777 um noch Augenzeuge  sein zu können.
639 1610 3957 1880 Die in d. Nähe gemeldeten Knochen konnte ich leider nicht
486 1814 3925 2098 besichtigen, da d. Finder eingesperrt ist u. d. Andern nichts
485 2025 1243 2288 davon wissen.
690 2140 3960 2490 10 Dez. Rückmarsch zum Lager. Hatte d. Absicht einen
535 2350 3981 2641 neuen Aufstieg zu machen u. am Maimbwi, Barappis
537 2533 3950 2877 zu suchen, doch hatte ich allmählich vom Laufen genug.
548 2702 4084 3016 2 Abstecher waren noch nötig: einmal um Hundsaffen
530 2899 3920 3183 von einem Kornspeicher zu verjagen, ich tötete leider
548 3125 3874 3396 nur einen, wenigstens fanden wir weitere nicht;
566 3296 3882 3612 zweitens einen einzelnen Knochen zu besichtigen, der
586 3510 3925 3758 am Wege zum Maimbwi in tollstem Gestrüpp versteckt
565 3693 3959 3934 war, aber guten Bruch zeigte u. vielleicht noch als Zeuge
577 3802 4026 4131 aus der tiefsten Basis von Wert sein dürfte. Denn bei
577 3958 4052 4314 d. Affenverfolgung fand ich ein Bachbett tief in's Kristal„
613 4149 3736 4475 line eingeschnitten, das also fast bis an d. Fuß des
553 4346 3935 4622 Namunda hineingreift und die Kreide unmittelbar
579 4543 2834 4836 unterlagert. Gegen 11 Ankunft im Lager.
771 4713 3748 4999 Janensch hat am Lohntag ca 70 Mann entlassen und
