5570 8490
4708 223 202 135 117.

2586 421 2355 378 ſelben auszuſetzenden Wartgeld, (worüber

2597 649 2326 407 vorerſt noch Anträge des Senats erwar_

2609 912 2282 464 tet werden,) beigegeben werde, ſey von

2583 1247 2331 462 dem Secretarius ang bekan̄tlich angezeigt

2543 1478 2345 490 worden, daß ſich der Herr Juris Cand. Conz

2534 1747 2383 460 von Böblingen zur An̄ahme der Stelle eines

2563 2034 2312 461 Secretariats-Aßiſtenten anerboten habe.

2669 2357 2205 401 Ob es nun gefällig, die Wahl eines Secreta_

2648 2612 1909 418 riats-Aßiſtenten vorzunehmen?

3213 2908 420 297 Concl.

2756 3039 460 310 Placet.

2568 3261 2334 447 Herr Rector und Herr Vice-Kanzler begeben

2561 3527 2360 516 ſich hierauf mit mir Secretario in das Neben_

2541 3882 2327 425 zim̄er, wo per Vota occulta zum Secreta_

2508 4064 2370 468 riats-Aßiſtenten legitime erwählt wurde,

2655 4341 2185 549 Herr Juris Cand. Ludwig Friedr. Conz,

2668 4613 914 344 von Böblingen.

2557 4912 2339 506 Dieſe Wahl wurde ſogleich in Senatu publicirt,

2487 5138 2358 465 und ſodann von Magn. Dn. Rector weiter

2519 5428 2319 504 angefragt, ob in Rückſicht des Gehalts des

2489 5760 2446 446 neuen Secretariats-Aßiſtenten auf 300 oder

2511 5988 2055 472 auf 400 fℓ angetragen werden ſolle?

3323 6351 412 210 Concl.

2558 6511 2263 416 Der Antrag wäre auf 400. fℓ zu machen, und

2531 6801 2316 353 wegen eines Starts für dieſen Aßiſtenten

2568 7027 2300 464 ſeiner Zeit weitere Verfügung zu treffen
