5570 8490
2980 329 2332 471 derſelbe darauf aufmerkſam gemacht, daß

2996 615 2265 366 die Univerſität hoffe, ihre ehemalige Ver_

2987 831 2326 377 faßung zu erhalten, und ob nicht ſchon dieſes

2977 1101 2304 371 Schreiben einer Vorbereitung und delibera_

2992 1255 1240 357 tion  bedürfe.

3668 1548 386 239 Concl.

3056 1687 2213 364 Es wären auf irgend eine Art dem neuen

3026 1919 2259 401 Regenten früher, oder ſpäter die Wünſche

3022 2146 2305 344 der Univerſität vorzulegen, in dem

3014 2341 2247 434 CondolenzSchreiben aber die Univerſität

3015 2633 1969 364 vertrauensvoll zu empfehlen.

2833 2843 2448 431 3.) Ob in dem CondolenzSchreiben die Sache

2949 3092 2393 397 mehr deutlich geäußert werden ſolle oder

2947 3332 1581 368 aber blos im Allgemeinen?

3558 3628 378 216 Concl.

3067 3719 2146 434 Es wäre mit der gröſten delicateße

3038 3979 2211 389 und Vermeidung jedes anſtößigen Worts

3036 4215 2281 418 ſo kurz als möglich das jenige auszudrücken

3012 4475 1215 328 was man wünſche.

2862 4730 2367 378 4.) Da Herr Prof. Conz bei den Schwierig_

3009 4992 2255 433 keiten, die mit der Faßung dieſes Schreibens

2931 5243 2300 352 verbunden ſeyen, ſolche nicht allein werde

2983 5444 2194 483 auf ſich nehmen wollen, ſo frage ſichs, ob

2976 5725 2322 461 demſelben nicht noch ein Senator beigege_

2944 5961 2396 436 ben werden wolle? am nächſten Freitag bei,

5197 6319 62 50 †

2951 6217 2351 434 Herr Prof. von Kielmeyer bemerkte; er halte

2962 6450 2288 411 es für eine Beleidigung, wenn dem Herrn

2941 6725 2391 392 Prof. Conz deswegen ein Senator beigege_

2935 6916 735 292 ben wurde.

1176 1873 1471 307 acc. Exc. Dn. D. de Malblanc.

809 6199 1763 399 † Vorſtellung des neuen Herrn

797 6455 1998 348 Rector kön̄te ſodann das Schreiben

859 6674 1863 333 Senatui vorgelegt, dann mundirt

823 6894 1943 401 und durch eigenen Boten abgeſendet

827 7120 518 238 werden.

1634 7167 1513 422 Diſc. Exc. Dn. D. de Kielmeyer.
