5570 8490
2847 508 2389 390 führten Gründe, etwas geſagt wer‗

2905 785 1519 302 den wolle, oder nicht.

2965 1049 2281 336 Hierauf wurde durch große Mehr‗

2862 1232 1522 310 heit der Stimmen

3494 1493 896 359 beſchloſſen,

2844 1757 2437 340 der miniſteriellen Note vom 6. Jul.

2837 2024 2430 342 zufolge die gutächtliche Aeußerung

2860 2265 2377 351 unter Beylegung der unterm 17. v. M.

2833 2524 2363 346 von Hℓ. Prof. Chſtn. Gmelin ge‗

2838 2750 2397 370 machten ſchriftlichen Erklärung da‗

2808 2999 2404 371 hin abzugeben, daſs der academiſche

2877 3287 2328 321 Senat die von Hℓ. Prof. Gmelin

2858 3516 2397 372 angeführten Gründe nicht für zu‗

2838 3788 2354 365 reichend erkennen könne, weil

2864 4060 2326 367 ſonſt manches andere Mitglied

2869 4332 2386 352 des Senats aus ähnlichen Gründen

2827 4598 2290 297 litterariſcher Geſchäfte ſeinen

2869 4841 2351 351 Austritt aus dieſem verlangen

2859 5096 2299 292 könnte, in dieſem Falle aber die

2862 5307 2331 352 Laſt von Senats= und Facultäts=

2888 5564 2238 334 Geſchäften auf zu Wenige fallen

2846 5882 602 235 würde,

2847 6068 2385 328 daß der acad. Senat, wen̄ er vorher

2847 6338 799 262 die Schrift

3143 6249 507 156 Abſicht

3613 6326 1571 301 des Hℓ. Prof. Gmelin

2846 6503 2392 362 gewuſst hätte, ihn von ſeinem Schrit‗

2846 6756 2375 375 te abzuhalten geſucht haben würde,

2835 7002 2362 351 daß aber, was die von Hℓ. Prof.

2854 7249 2383 384 Gmelin am Ende ſeiner Erklärung
