5570 8490
5102 286 165 237 2.

2678 403 2512 335 nach erhaltenem Ueberblick des Ganzen eine

2703 602 2478 333 gemeinſchafftliche Zuſam̄enkunfft gehalten und

2695 844 2527 291 mit Sicherheit ein Plan entworfen werden.

2760 1052 2477 354 Das bisherige Hinderniß ſeye in einer dife_

2658 1286 2614 305 renz zwiſchen dem Herrn Kanzler v. Schnurrer

2648 1449 2561 379 und Herrn Prof. v. Tafinger gelegen. Ohne ſich

2653 1684 2644 336 nun hierüber einzulaßen, bitte er den Herrn

2681 1874 2486 294 Kanzler dieſer deliberation als Kanzler

2693 2066 2589 394 anzuwohnen, da ohnehin die Speieriſche Stifftung

2707 2277 2327 386 keinen großen Einſluß auf die Sache habe.

2737 2507 2426 288 Es wurde noch von des Herrn Curators Ex_

2711 2700 2543 353 cellenz angefragt, ob ein Mitglied des Senats

2678 2945 2503 307 etwas zu proponiren habe? Worauf Herr

2685 3116 2549 353 Kanzler v. Schnurrer aeußerte: Nach der Fun_

2696 3342 2559 350 dation der Steieriſchen Stifftung ſeye ein jewei_

2688 3510 2446 305 liger Kanzler Adminiſtrator derſelben.

2680 3708 2510 311 Zur Zeit des Canzlers le Bret habe Herr Prof.

2708 3924 2505 319 Tafinger als Lehrer des canoniſchen Rechts

2723 4134 2497 293 die Adminiſtration übernom̄en. A. 1806. da

2692 4321 2587 331 er Canzler worden, hätte er die Adminiſtration

2680 4532 2439 286 dieſer Stifftung nicht vindiciren wollen. Nun

2685 4737 2536 308 habe Herr Prof. v. Tafinger auf einmal geglaubt,

2677 4935 2568 351 daß er Luſt hätte, ſeine Rechte auf dieſe Admi_

2676 5168 2560 309 niſtration als Kanzler geltend zu machen, er

2711 5376 2551 355 kön̄e er aber nicht erſt jetzo dieſe Adminiſtra_

2720 5639 341 195 tion

2901 5601 1212 158 ohne ausdrückliche höhere Anordnung

3026 5648 794 299 übernehmen.

2734 5764 2569 365 Auf diß aeußerten des Herrn Curators Excellenz

2690 6022 2536 336 den Wunſch, daß die Sache nun auf ſich beruhen

2669 6235 533 228 möchte.

2730 6351 2608 382 Es wurden noch die Nahmen der neuinſcribirten

2709 6594 1913 274 von mir Secr. ex Alto vox ge

4353 6658 256 70 leſen

4622 6623 557 264 , hierauf

2686 6775 2481 319 der Pedell Payer vorgeruſen, auf die ihme

2686 6970 2595 355 aus den Statuten vorgeleſene Puncte aufs neue

2672 7165 2563 325 von dem Herrn Rector mittelſt Handgelübds

2680 7384 2514 293 in Pflichten genom̄en, und damit dieſe Seßion

2734 7566 707 286 beſchloßen.

3741 7926 978 320 T. D. Bengel, Rector.
