5570 8490
4810 236 191 177 258.

2610 413 2364 332 Noch wurde von dem Herrn Rector ange‗

2671 663 2242 403 fragt, ob nicht auch die Privatdocenten

2627 950 2348 380 ſich habilitiren ſollten, vor jeder Anſtel_

2618 1198 2293 329 lung zu irgend einem StaatsAmt eine

2621 1403 1767 438 Prüfung vorangehen müße.

2649 1685 2347 333 Die Habilitirung kön̄te, durch ein Colloquium

2629 1913 2235 393 mit der betreffenden Fakultät, oder durch

2584 2159 2359 424 eine öffentliche Vorleſung über ein Thema

2550 2399 571 323 geſchehen.

2600 2654 2264 434 Herr Canzler in der jurid. und medizini_

2569 2901 2335 442 ſchen Fakultät müße einer legitimo modo

2592 3145 2330 488 Doctor ſeyn; in der theologℓ. und philoſophi_

2522 3399 2262 414 ſchen Magiſter ſeyn und Theses verthei_

2509 3667 714 354 digt haben

2549 3939 2313 432 Hern D. Bengel. Theses wären zu P publik

2551 4199 2355 439 für einen Privatdocenten, zumal derſelbe

2556 4476 2375 411 ſodann Anſprüche machen würde. Er votir

2528 4788 1901 319 votire nur auf ein Colloquium.

2567 5002 2212 435 Herr Prof. Fulda. Die Privatdocenten

2576 5312 2314 444 ſollten entweder eine Abhandlung liefen

2532 5575 1671 355 oder ein Colloquium beſtehen.

2588 5823 2251 406 Herr Dr. Ferd. Gmelin. Er trage entweder

2550 6072 2299 442 auf eine Abhandlung, oder auf Theses oder

2519 6335 1777 433 auf ein Colloquium an. acc rel:

3314 6642 378 198 Concl.

2687 6707 1397 347 Cum Dr D. Ferd. Gmelin
