5570 8490
3013 435 2124 373 gleich zu derſelben geſchritten werden

3018 685 451 253 ſolle?

2878 921 2291 372 Herr Vice-Kanzler dankte für die gegen ihn

2876 1166 2328 354 geäußerten Geſin̄ungen, und bate den neu_

2842 1440 2309 407 zuerwählenden Herrn Rector den Aufſatz,

2892 1829 209 101 die

2971 1671 812 207 vorgeſchlagene

3067 1725 2156 385 neue Anordnung in B über die Bibliothek

2866 1932 2348 410 betreffend, dem Herrn Prof. von Dreſch zu_

2861 2176 2307 364 zuſchiken, da die Sache mere amtlich ſey, und

2857 2399 864 321 am beſten für

3546 2411 203 192 durch

3691 2456 1495 325 den beſorgt werden kön̄e,

2903 2676 2319 411 der mit der Einleitung nichts zu thun gehabt hab

2899 2954 2316 389 Die ganze Sache wäre ſodann ſeiner Zeit dem

2883 3174 1372 296 Miniſterium vorzulegen.

3561 3441 436 295 Concl.

2991 3572 1962 364 daß die Wahl nun vorzunehmen.

2879 3914 2310 405 Zu Vornahme dieſer Wahl begabe ſich hir_

2880 4163 2355 434 rauf der Herr Rector und der Herr Vice-Kanz_

2903 4415 2291 358 ler, nebſt mir Secr. in das Nebenzim̄er, wo_

2936 4647 2327 404 ſelbſt die vota occulta colligirt und zum Rector

2920 4914 2325 408 auf dieſes Winterhalbjahr legitime erwählt

2880 5203 447 274 wurde

3204 5370 1420 401 Sum̄e Revdus Dn. Dr. Joh.

3280 5637 821 331 Sebast. Drey.

2946 5865 2239 370 Dieſe Wahl publicirte der abgehende Herr

2933 6106 2256 417 Rector in Senatu, worauf ſodann der neue

2976 6354 2221 350 Herr Rector, da er das erſtemal dieſes Amt

2899 6593 2341 322 übernahme, auf die ihm von mir Secretario

2907 6863 2361 382 vorgeleſene gewöhnliche EidesFormel mittelſ
