5570 8490
1497 452 3679 425 angeführt werden, zu mal es ſchwer halten werde, es ſo zu machen,

1501 706 3738 426 daß es nicht anfalle. Es bleibe auch im̄er noch Gelegenheit etwas anzu_

1535 957 3021 365 bringen, wann die Antwort eingegangen ſeyn werde.

621 1113 4627 503 Herr Prof. Jäger. Jn dem Condolenz und Gratulations-Schreiben wären blos Hoffnungen

1478 1386 781 281 zu äußern.

1217 1577 3945 388 Herr Prof. Schrader nahme ſein Votum dahin zurück, daß in dem Schreiben die

1424 1855 3019 423 Univerſität der Gnade des Regenten empfohlen werde.

2560 2139 535 289 ad pct. 3.

567 2245 4601 529 Herr Dr. Bengel. Jn allgemeinen Ausdrücken kön̄te der Wunſch nach Wiederherſtellung des

1355 2614 3958 385 Rechtszuſtands der Univerſität und des Vaterlands, die neue Regent zu vollen_

1370 2788 3862 517 den beſtim̄t ſey, geäußert, ſich deßen Schutz empfohlen und geſagt werden, daß

1339 3044 2878 453 man ſeiner Regierung mit Freuden entgegen ſehe.

571 3253 4549 499 Herr Dr. Bahnmaier acc. mit dem Beifügen: daß man hoffe, es werde der Rechtszuſtand

1342 3569 3856 403 deßen Wiederherſtellung der verstorb bei dem Vater begon̄en, nun von

1329 3776 1563 394 dem Sohn vollendet werden.

605 3957 1044 377 Herr D. Steudel acc.

581 4288 4655 438 Herr Dr. v. Malblanc. Man darfe an̄ehmen, daß der neue Regent antworten werde, und

1296 4541 3901 384 dann bekom̄e man ja Veranlaßung. Jn das Condolenz und Gratulations_

1312 4724 3956 472 Schreiben gehörten keine Reclamationen; auch ſey indeßen im̄er ge antwor_

1294 5028 3962 459 tet worden. Er überlaße es Majoribus wie es hineinzubringen; es müſte

1291 5184 2135 443 das Ceremoniell beobachtet werden.

602 5453 4702 510 Herr Prof. Schrader. Der frühere Gang wäre zum Grund zu legen mit Rückſicht auf die gegen_

1190 5702 4082 488 wärtigen Zeiten und die Stim̄ung, in welcher der neue Regent ſich beſinden werde.

1179 5943 4109 540 Neben der Condolenz und Gratulation halte er die Empfehlung der Angelegenhei_

1139 6137 4102 587 ten der Univerſität für ſchiklich und nothwendig, und zwar auf die von Herrn Dr.

1134 6374 4027 543 Bengel angegebene Weiſe, aber nicht weit ausgeführt, ſondern nur mit wenigen

1128 6577 4159 619 Worten, damit man nicht vorgreife, und ein übles Licht auf die vorige Regierung werfe.

1133 6792 4142 626 Das 2.te Schreiben werde weitere Veranlaßung geben, daher man in dem erſten

1125 7013 1888 444 Schreiben deſto kürzer ſeyn kön̄e.
