5570 8490
2839 355 2286 352 dem neuen Herrn Rector die Beendigung

4738 204 611 249 des Punckts wegen

5088 394 236 290 des

2823 551 1127 276 Univ. PoliceiWeſens.

2835 738 2486 269 Nach dieſem wurden von mir Secretario die ge_

2779 945 2534 323 wöhnliche EydesFormel eines Rectors vorgeleſen

2801 1158 2564 302 und auf ſolche Herr Prof. Bengel mittelſt des Herr

2805 1366 2542 313 Curators Excellenz geleiſteten Handgelübds

2792 1567 714 284 verpflichtet.

2828 1734 2438 349 Herr Rector Bengel empfahle ſich hierauf des

2801 1986 2493 353 Herrn Curators Excellenz ſowie dem akad.

2791 2194 419 216 Senat.

2797 2297 2463 300 Auch der abgehende Herr Rector Prof. Schott,

2780 2539 2574 293 dankte des Herrn Curators Exc. für die während

2774 2753 2621 364 ſeiner Amtsführung erhaltenen Beweiſe des hohen

2740 2963 2576 312 Wohlwollens, und dem akad. Senat für die ihme

2737 3169 2063 365 zu theilgewordenen Unterſtützung.

2770 3385 2574 379 Des Herrn Curators Excellenz proponirten

2768 3601 1383 324 ſodann noch Folgendes.

2737 3826 2609 333 1.) Seye das Verhältniß des Rectors zur Univer_

2806 4071 2515 273 ſität durch die neue Organiſation nur in der

2739 4277 1633 299 Art beſchränkt, daß derſelbe

4338 4294 311 159 gewöhnlich

4372 4326 959 236 nichts mehr mit den

2749 4442 2604 378 Beſtrafungen zu thun habe, ſondern dieſes Sache

2759 4665 2610 280 das Juſtitiars ſey. Jn höheren Sachen hingegen

2754 4896 2570 262 ſpreche unter dem Praeſidio des Curators das

2752 5108 2582 274 Collegium Decanorum, und in allem übrigen,

2724 5304 2595 304 was Diſciplin, lieber alle Behandlung der Studi_

2708 5515 2552 326 renden Leben mit denſelben p. betreffe, ſeye

2751 5707 1609 335 dem Rector nichts benom̄en.

2717 5948 2584 356 2.) Bitte er, daß diejenige Herrn Senatoren,

2759 6170 2575 453 welche als Vorſteher der einzelnen akademiſchen

2734 6399 2579 441 Jnſtitute Mitglieder der für dieſe niedergeſez_

2731 6607 2570 406 ten Com̄ißion ſind, einen beſtim̄ten eine ge_

2711 6814 2597 303 naue Ueberſicht gewährenden compte rendü

2712 7036 2600 316 Jhme übergeben und ſich dabei über die Art und

2741 7273 2574 349 Weiſe, wie die ausgeſezten Stim̄en zu verwanden,

2738 7459 2538 345 ſo wie ihre weitern Wünſchen, zum Beſten der

2742 7654 1649 322 Jnſtitute aeußern möchten.

2734 7858 2594 344 Diß kön̄te in 9-10. tagen geſchehen, und ſodann
