5570 8490
3008 390 2250 350 ſchicken, daß er des halb bereits ſchon mit

3000 659 2250 363 dem Herrn Vicekanzler Rückſprache ge_

2961 971 2339 378 nom̄en habe, und wenn das Gutachten fertig,

3000 1204 2291 435 ſolches dem Senat werde zugeſtellt werden,

2954 1481 2340 456 und um es mit einem Bericht des Senats an

2956 1801 2283 422 das Miniſterium einſenden zu kön̄en.

3696 2225 431 182 Concl.

3066 2365 2153 417 Es wäre von allen dingen noch zu ſehen,

3044 2675 2190 477 ob nicht ein Reſcript vorhanden ſey, nach

2976 2947 2293 480 welchem bei der katholiſch theologℓ. Fakul_

2980 3280 2228 356 tät eine Abweichung von dem §. 3 des

2951 3564 2323 426 Univ. Statuts Statt ſinde, und dieſer Punct

2969 3814 2278 475 biß dahin auszuſetzen. Jn Beziehung auf

2970 4057 2293 482 die bei der ſtaatswirthſchafftlichen Fakultät

2959 4317 2284 545 durch die Entlaßung des Hℓ. Prof. Liſt va_

3006 4662 2282 326 kanten Stelle hingegen wäre der Herr

2993 4888 2287 452 Dekan Prof. Fulda ſogleich zu erſuchen

2986 5207 2295 451 ſeine Fakultät zu einer Aeußerung wegen

2929 5487 2367 534 Wiederbeſetzung dieſer Stelle zu veran_

2967 5778 531 336 laßen.

3034 6109 2247 349 7.) Zu Folge der miniſteriellen Note vom

3017 6408 2271 408 11 Nov. v. J. nach welcher Seine Königℓ Ma_

3021 6638 2237 438 jeſtät genehmigt haben, daß dem Secre_

2994 6948 2284 598 tarius Uhland ein Gehülfe mit einem dem
