5692 9032
4910 374 5071 600 19
2769 532 5259 931 weil er ſich der Sache angenom̄en,
2706 788 3786 1128 und um ſolche
3461 771 3637 906 †
3749 853 5233 1149 zu ken̄en, wer ſie
2747 1080 5343 1488 ſeyen, da ſie dan als in das Glaſer
2797 1303 5381 1817 Kloepferiſche Hauß gegangen, ſolchen
2753 1533 5243 1964 dahin nachgegangen, unter dem
2521 1794 5295 2185 ſein Hauß erwartet, und er Dep. damals
2751 2056 5208 2527 den Hℓ. Keller ſelbſt geſprochen,
2744 2331 5205 2795 ihm geſagt, es ſeye nicht recht
2713 2588 5356 3081 einen auf der Straße anzugreifen,
2693 2859 5304 3303 worauf Hℓ. Keller ihm geantwortet,
2752 3117 5098 3599 daß es ihn Dep. nichts angehe
2819 3443 5151 3851 Jn Abſicht auf Hℓ. Schweiter wiße
2691 3661 4712 4028 er keine Vorgänge vor der
4550 3701 4887 3862 lezten
4712 3764 5224 4035 Muſik
2714 3908 5338 4319 anzuführen, die einen Feindſeligkeit
2733 4245 4481 4558 gegen ihn verriethen.
1154 4414 1388 4468 2.
353 4419 2811 4870 Hℓ Keller und Schweiter behaupten
314 4685 2730 5024 bei der Muſik im̄er geweſen zu
311 4906 2893 5320 ſeyn, und berufen ſich auf Zeugen,
411 5181 2692 5578 wie er alſo das Gegentheil be_
486 5357 1687 5756 haupten kön̄e?
2854 4983 5317 5522 R. Er habe Hℓ. Keller vor ihr ſich geſehen,
2730 5319 5177 5768 ihn genau gekan̄t, es ſeye ſolcher
2710 5613 3469 5933 der
3042 5585 3329 5644 erſte
3469 5594 5300 5928 geweſen, der auf ihn zu_
2714 5799 5252 6198 geſchlagen. Er kön̄e diß aber mit
2659 5969 5274 6362 keinem Zeugen beweiſen. Der Heu_
2666 6219 5236 6635 brandt ſage, ſeinem Vermuthen
2614 6459 4991 6900 nach ſeye es Hℓ. Keller geweſen.
2809 6717 5102 7174 Wie ihm Keller den erſten Hieb
2676 7021 5229 7432 gegeben, ſo ſind ſeyen mehrere auf
2682 7256 5238 7644 ihn los, und dann wäre er dero
2690 7480 5159 7939 geſprungen, worauf Hℓ. Schweizer,
2661 7762 5141 8200 der auch unter denen geweſen die
2645 8009 5171 8424 ihme Dep. nachgeſprungen, gerufen,
601 729 2526 1041 † die beede Studiosi, die mit
704 995 2402 1329 Bauman̄ Verdruß gehabt
