5692 9032
992 571 5387 949 billige Preiße machen müßen, allein man müſte eben auch am allgemeinen
1008 908 5371 1133 Schaden leiden. Man kön̄te 150. Schℓ. Dinckel und 150. Schℓ. Haber im Preiß à 5. fℓ
1033 1104 5390 1417 ꝑ Schℓ. abgeben, nur beſorge Er dieſer Preiß werde nicht angenom̄en, und
994 1255 5389 1669 man werde den angebottenen Preiß an̄ehmen müßen; dann wäre
1045 1462 5387 1914 auf baar Geld oder auf Verzin̄ßung des Kauffſchillings anzutragen
1074 1699 5380 2203 Jn Anſehung des Verkauffs der Früchte, werde es ſicherer ſeyn, nicht
1077 1974 5386 2434 zu verkauffen, um bei einer etwaigen Requiſition noch geben zu
1080 2168 5006 2605 kön̄en und nicht um hohe Preiſe Früchte kauffen zu müßen.
961 2351 3326 2767 Dn. Prof. Roesler et Abel cum major:
1004 2593 5396 3111 Dn. Prof. Schott. acc. mit der Bemerkung, daß es auf den Sindelfinger
1083 2877 5187 3252 ankom̄en werde, daß ſolcher den Fall der Noth zu jügiren wiße
739 3039 5406 3572 Es würde in einigen Votis venerandis geäußert, ob nicht Herr Syndicus heute
745 3309 5427 3874 noch abgeſchickt werden ſollte um in Sindelfingen ſelbſt das nöthige zu beſor
744 3560 3277 3910 gen, allein majora waren nicht dafür.
781 4020 5436 4543 ad pct. 7.) Den U.bericht auf das wegen das Storriſche NaturalienCabinet
1289 4366 5098 4736 ergangene gn. Reſcript. dd. 12 et pr. 19. huj. betreffend.
748 4520 5424 5101 Dn D. Uhland. Man kön̄en auf die Storriſche Erklärung noch nicht berich_
1194 4862 5442 5283 ten, daß alles in den vorigen Stand geſezt wäre, und mußte alſo
1167 5096 4552 5566 eine beſtim̄tere Erklärung von Dn D. Storr haben
739 5291 5441 5777 Dn D. Flatt. Solange Dn D. Storr kranck ſeye, kön̄e ihm nicht zugemuthet
1138 5566 5439 6119 werden zu leſen. Kielm. werde Botanik fortleſen: pro futuro
1104 5822 5429 6305 aber wäre von Dn D. Storr eine categoriſche Erklärung zu ver_
1129 6076 3082 6486 langen, ob er in Zukunſt
3079 6126 4266 6378 wann er wieder geſund,
3019 6170 5432 6521 und zwar vom nächſten Winter an
1176 6318 4514 6741 ſeine gewöhnℓ. Vorleſungen wieder halten wolle.
818 6488 5421 7108 Dn D. Kapff. Er nehme an, daß alles in den alten Zuſtand zurückkehre,
1119 6837 5454 7349 daß es hiebei ſein Bewenden habe, und man über den unverdien_
1114 7078 3005 7505 ten Vorwurf nicht Rechte.
1131 7315 5447 7735 Dn D. Storr ſollte declariren wie er es in Abſicht auf ſein Pensum
1157 7573 5441 8017 halten wollte; würde auch Botanik von ihm wegen ſeiner Geſund_
1077 7772 5435 8263 heit nicht geleſen, ſo frage ſichs, ob er nicht wenigſtens, darin̄en
