5692 9032
2406 366 2611 550 Ad
1271 419 3961 861 Protocollum Senatus d. d. 25. April. 1799.
2266 712 2712 1140 Vota.
605 1059 5291 1599 ad pct 1.) Das von Sindelfingen Verlangte FruchtQuantum von dem dortigen
1088 1333 2422 1637 Univ. FruchtKaſten:
541 1528 5252 2059 Dn. D. Uhland, es kön̄ten 150. Schℓ. Dinckel und 150. Schℓ. Habern abgegeben werden,
1118 1795 4254 2202 die Beſtim̄ung des Preiſes überlaße er majoribus.
548 1909 5296 2493 Dn D. Flatt, er conformire ſich mit der Majoritaet der aeltern Hℓ. Senatorum
570 2211 5357 2747 Dn D. Maier. Er votire auf 150 Schℓ. Dinckel und 150. Schℓ. Habern, auch auf den höchſten
1116 2403 2514 2711 Preiß im Monat Mai.
595 2528 5351 3083 Dn D. Gmelin. sen. Wann es angehe, ſo votire er nach dem Vorſchlag des Hℓ. Syndicus
1037 2872 5371 3348 nur auf 100. Schℓ. Habern, in Anſehung der Preiße, wäre derjenige anzuſezen
1027 3000 4623 3436 welchen die Früchte in der Woche der Abgabe gelten würden.
558 3194 5384 3676 Dn D Gmelin jun. Man werde Gewalt brauchen, wann man nicht alles verwillige,
1043 3456 5305 3933 den Dinkel kön̄te man geben, an Haber 100. Schℓ. Wann es nicht angehe
1059 3692 5363 4218 wäre das ganze Verlangte Quantum zu geben; in Anſehung des Prei_
1045 3949 5320 4451 ſes wäre ſich nach dem Zeitpunct, in welchem die Früchte abgefaßt wür‗
1033 4123 2102 4426 den zu richten!
680 4354 5404 4961 Dn D. Tafinger. Es kön̄te 150 Schℓ. Dinckel und im Nothfall auch 150. Schℓ. Habern gegeben
983 4722 5220 5073 werden. Jn Anſehung des Preiſes accedire Er prox. praec: der vom
923 4845 5350 5295 KirchenRath gemachte Preiß kön̄te ſchon vor 3. Wochen beſtim̄t worden
1019 5090 5182 5515 ſeyn, wo die Fruchte noch nicht ſo ſehr im Preiß geſtiegen geweſen ſey
683 5355 5303 5794 Dn D. Malblanc. Man wäre berechtigt die Beſoldung in Natura anzu‗
920 5570 5348 6050 ſprechen; es ſollte daher ein Calculus über die Beſoldungen gezogen
942 5812 5263 6258 das was man zu denſelben nöthig ſalvirt - wird jedem überlaßen
994 6064 5335 6501 werden, ſeine Beſoldung zu Verkauffen, oder in Natura zu nehmen.
969 6252 4318 6684 Der Uberſchüß kön̄te ſodann abgegeben werden
4203 6378 4927 6565 Jn Anſehung
4253 6459 5328 6743 der angeführten
969 6459 5337 7022 Preiſe reſervire er ſich ſeine Rechte, daß Er ſ. Beſoldung in Natura verlange.
700 6608 5292 7261 Dn. D. Autenrieth, cum prox votio praeced.man ſolte ſtark verkaufen. Es
955 6969 4964 7404 kön̄te 150. Schℓ. Dinkel und ebenſo viel Haber abgegeben werden.
711 7148 2809 7553 Dn. Prof. Pfleiderer, cum praeced.
738 7391 5231 7865 Dn. Prof. Schnurrer. Es ſeye billig, daß man den Sindelingern aushelfe,
924 7705 5291 8077 ſtatt 100. Schℓ. Habern kön̄te man̄ 150 Schℓ. geben; im Preiß werde man
931 7854 5321 8323 man im̄er verlieren, da der Haber im̄er ſteige, und doch werde man
