5692 9032
2641 660 5139 1059 einem ſchwürigen Fall Hℓ. Blösch, „welche
2643 967 4358 1226 Karte er ausſpielen ſollte„.
2807 1164 5197 1487 „der Karl leidet ja nicht, daß ich et_
2703 1342 4405 1656 „was in das Spiel rede„
2617 1552 3948 1879 war ſeine Antwort.
3956 1646 4058 1699 †
2635 1779 5188 2221 Um nun denen auf dem Billiard-Zim̄er
2651 2100 5205 2364 verſam̄elten und bei entſtandenem Ler_
2653 2301 5200 2687 men herzugeeilten Perſonen zu zeigen,
2644 2523 5185 2863 daß ich mich nicht ungerügt einen Buben
2651 2757 5220 3026 nennen laße, allſo zur Rettung meiner
2691 2945 5181 3302 Ehre, ſagte ich am Ende des Spiels zu
2649 3195 5054 3512 oftgenanntem Herrn Licentiaten;
2955 3376 4761 3660 „Wir werden uns ſprechen.
2638 3552 4882 3933 und ging ſchnell zur Thure hinaus.
2644 3780 5171 4123 Kaum hatte ich die Hälfte der Treppen
2634 4064 5172 4389 zurükgelegt, ſo eilte er mir nach und
2662 4261 4279 4540 rief aus vollem Halſe:
2921 4452 4361 4832 „Seeger, halten Sie.
2649 4721 5074 5091 Jch wolte anfangs nicht ſtehn' bleiben,
2656 4950 5100 5307 aus Beſorgnis eines neuen unange_
2628 5149 5052 5458 nehmen Auftritts, den ich um ſo eher
2649 5374 5234 5670 vermuthen konte, weil  ich einige der
2643 5548 5244 5879 auf dem Billiard verſam̄elten Perſonen
2654 5790 5090 6107 herbei ſpringen und die Rechte des
2665 6046 5221 6308 Hℓ. Gmelins einen Stok halten ſahe, und
2667 6210 5186 6567 izt noch um ſo eher muthmaſen kann,
2654 6443 5170 6785 da mir geſtern der Marqueur des
2677 6671 3978 7020 Billiards ſelbſt ſagte,
2886 6900 5229 7205 „Es wäre beßer, wenn Sie ſich mit ihm
2861 7100 5083 7427 „unten geprügelt, hätten als ihn
2890 7330 5209 7613 „beim Rectorat oder ſeinem Vatter
2863 7503 3973 7830 „belangt hätten.
399 1256 2500 1590 † Wieder eine Unverſchämtheit ohne
491 1500 2371 1810 Veranlaßung, die ich aber un_
495 1698 1625 1966 beantwortet lies.
