5692 9032
2886 395 5435 855 hergeſtellt worden, daß ſolcher ohne
2832 671 5434 1059 Nachtheil ſeiner Geſundheit ausgehen
2871 878 5322 1343 kön̄e, ſo wurde ſolcher auf heute
2856 1120 5438 1553 vorbeſchieden, und ihme zuförderſt
2819 1350 5425 1790 die in ſeinem Nahmen von Herrn
2903 1603 5435 2089 Schram̄ aufgeſezte und übergebene
2858 1971 5395 2398 Facti ſpecies ſub ſignℓ. O. vorgeleſen
2844 2195 5342 2643 welcher er als ganz der Wahrheit ge_
2800 2454 5349 2840 mäs, ſo wie die Sache wirklich vor
2836 2725 4608 3009 gegangen, anerkan̄te.
2870 2952 4578 3359 Sofort wurde er befragt
471 3303 2958 3716 Ob er mit Hℓ. Keller vorher in Feindſe_
545 3548 2887 3947 tigkeiten gehebt, und worinn ſie
508 3757 1395 4055 beſtanden?
2894 3595 5405 3989 R. Wie er einmal an der Schickartin
2926 3826 5353 4335 Hauß vorbei, ſeye auch Hℓ. Keller
2837 4122 5364 4563 an ihme vorbei gegangen, und habe
2838 4396 5342 4785 ihme ungeachtet Plaz genug geweſen
2863 4604 5299 4985 einen Stoß gegeben; er habe kein
2868 4846 5325 5233 Wort darüber geäußert, hingegen
2926 5097 5431 5420 Hℓ. Reisig der unter dem Laden
2875 5305 5437 5725 geſtanden und es geſehen habe laut
2873 5585 5411 6115 geſagt, daß Hℓ. Keller es hören kön̄en,
2885 5856 5341 6271 es ſeye unverſchämt von Hℓ. Keller,
2907 6074 5103 6517 da er ja Plaz genug gehabt.
2976 6338 5284 6770 Auch wann ihm Hℓ. Keller auf der
2957 6584 5386 7047 Gaße begegnet, wäre ſolcher im̄er
2891 6817 5355 7295 auf ihn zugegangen, er ſeye aber
2911 7057 5043 7500 ſolchem im̄er ausgewichen.
2980 7369 5356 7786 Auch muſte Hℓ. Keller beſtim̄t wißen,
2899 7634 5243 8080 daß er in den Bauman̄iſchen
2909 7886 5240 8336 Affaire wider ſolchen gezeugt,
