5692 9032
2988 385 5386 832 ob der Neue Bau noch offen, ſolcher
3054 676 5250 1077 ſeye aber beſchloſſen geweſen.
3338 939 4612 1385 prael. test Späth
2814 1179 4229 1667 2.) Hierauf erſchiene
3240 1536 5325 1937 Herr Speismeiſter Williardts,
3007 1826 5442 2294 dem welcher folgendes von dem geſtri_
3019 2077 4485 2452 gen Vorgang angebe.
3096 2304 5434 2624 Er habe um ¼ auf XI. Uhr den Neuen
3051 2594 5427 2949 Bau aber ohne Licht beſchloßen, und
2969 2801 5395 3208 unter dem Hauß den Hℓ. Hallwachs,
2981 3126 5161 3446 Faber und einig noch 2 andere
3779 3066 5285 3325 Goelz der 4.te Faber
5124 3237 5376 3435 die
2978 3342 5378 3833 er weil er kein Licht gehabt, nicht ge_
2998 3562 5367 3990 kan̄t, angetroffen. Welche ſodann
3017 3876 5403 4287 mit ihm ins Hauß herein ſeyen.
3035 4121 5391 4556 Sie wären ruhig geweſen, und es
2955 4353 5380 4707 wäre ihme von einem Lärmen
2966 4591 5407 5032 nichts, bekan̄t, er habe nur ſo viel
3014 4857 5368 5190 gehört, daß ein Com̄erce beim
3067 5112 5337 5496 HauptZoller Riß geweſen, und
2986 5354 5349 5807 der wo wobei er den Hℓ. Faber
3028 5602 5244 6051 von ſeinem Hauß aus geſehen:
3437 5898 4185 6276 Prael. test.
3739 6166 4897 6465 T. Williards.
2746 6463 5325 6882 3.) Herr Philos Stud. Carl Klumpp.
3255 6763 4661 7087 act 23. eū: v. hier.
3025 6944 5420 7342 deme der Vorgang von geſtern Abend
2986 7225 4399 7577 vorgehalten wurde;
3052 7442 4480 7754 Worauf er angabe,
3060 7601 5416 8117 Er ſeye von der Geſellſchafft gewe
3034 7940 5400 8356 ſen, und es ſeye ihm ſehr leyd, daß
