5692 9032
2964 755 5434 1094 geſprochen hatte, und von der von Hℓ. Bind
2968 946 5408 1243 auszuſpielenden Karte manches, vielleicht
2964 1163 5421 1508 das ganze Spiel, abhing, ward  ich frei_
2950 1377 5357 1672 lich ziemlich ungehalten, und ſagte ihm
2957 1553 5432 1904 zwar nicht mit gelaßenem Tone, wohl
2923 1779 5457 2087 aber mit keinen unbeſcheidenen und be_
2954 1999 4379 2314 leidigenden Worten:
3210 2185 5025 2502 „Gmelin, ſind Sie doch einmal
3214 2397 4955 2670 „ſtill, es ſchikt ſich nicht, in
3191 2556 4615 2855 „das Spiel zu reden.„
2941 2749 5431 3047 Auf dieſen bei ſolchen Gelegenheiten, däucht
2948 2948 5461 3228 mir, wohl erlaubten geringen Verweis
2963 3139 5445 3431 verlies er plözlich den zwiſchen meinen
2968 3341 5369 3627 Mitſpielern eingenom̄enen Plaz, ging
2972 3523 5378 3811 ſtürmiſch auf mich los und ſagte gleich
2952 3760 3388 4041 heftig:
3155 3873 5205 4177 „Wenn Sie noch einmal ſagen, daß
3145 4059 5245 4343 „ich etwas in das Spiel geſprochen
3149 4225 5217 4522 „habe, ſo werfe ich Sie zur Thüre
3125 4424 5275 4670 „hinaus; Sie waren mir ſchon öfters
3105 4595 5422 4920 „grob und nie ſagte ich noch etwas. ꝋ
2986 4828 3330 5031 Jch„.
3173 4934 5430 5270 „Ja! Sie haben geſprochen (gedeutet).
2936 5151 4821 5417 Gm. „Sie Sind ein Bube uſw.
2992 5388 3302 5601 Jch.„
3159 5486 5400 5835 „Halt ers' Maul; Jzt ſtreite ich nicht
3131 5729 5352 5946 „mit ihm; wir werden an einem
3106 5917 4994 6198 „andern Ort uns ſprechen.
2966 6079 5436 6462 Nach Vollendung dieſes Geſprächs, dem
2977 6348 5412 6616 er noch ein und anderes anhängte, das
2984 6544 5423 6831 ich nicht beantwortete, nahm er wieder
2988 6723 4885 7006 an ſeinen alten Plaz ein.
2993 6901 5450 7224 Wir ſpielten noch 2. odes 3. Partien.
2960 7133 5455 7453 Die lezten fragt' ihn bei einem wie_
2957 7341 5452 7678 derum von mir geführten Spiel in
718 4022 2796 4277 ꝋ Er laugnete also ſogleich, was er izt
849 4163 2847 4365 noch laugnet und Hℓ. M. Binder dar_
833 4379 2789 4594 thun kann. — War ich ihm vielleicht
854 4490 2850 4784 — welches ich nicht wußte, einmal grob,
850 4653 2786 4900 ſo denke ich, er hat meine allen_
851 4807 2779 5100 falſige Grobheit mit gleicher und
840 5007 2728 5254 baarer Münze bezalt. That er
850 5173 2621 5442 dies nicht, ſo hätte er nur auf
833 5369 2844 5617 manchen Weegen meine Grobheit
841 5517 2026 5797 verweiſen können.
