5692 9032
741 570 4254 1016 zu Hauß geleſen, ein anderes Collegium leſen kön̄te.
1018 848 5397 1320 Es wäre daher dem Herrn D. Storr auf ſein Schreiben zu erken̄en
1010 1079 5336 1459 zu geben; daß Ampl. Senatus nicht geneigt wäre, nach vorliegenden
977 1296 5325 1741 Unt Umſtänden, wobei man überzeugt wäre, alles gethan zu haben,
994 1529 5302 1911 eine Vorſtellung bei ſereniſsimo zu machen, ſondern man müſte
1035 1716 5269 2157 an̄ehmen, daß alles in Statu quo bleibe und Er die Verbindlichkeit
981 1949 5267 2394 habe, ſein Amt zu thun. Er möchte daher erklären, was man zu
975 2174 5227 2586 berichten habe, wie es im nächſten Som̄er und in Zukunfft würde
970 2404 5275 2840 gehalten werden. Jn Anſehung der Botanik kön̄te man ſich auf
1038 2635 3835 3008 Herrn Prof. Kielmeyer nicht verlaßen.
1098 2858 5347 3254 Ubrigens ſeye es betrübt, daß Kielmeier alle ſubordination miß_
1008 3094 5339 3481 ken̄e, und ſich ſo anſehe, als ob er keine Verpflichtung auf ſich hätte,
1019 3323 5368 3790 da er doch bei ſeiner Beeydigung geſchworen Lectioner ſibi aſſignan_
1021 3501 1989 3813 das zu leſen.
1129 3613 5380 4088 Das Storriſche Schreiben kön̄te nicht wohl vorgelegt werden, es ſolte
965 3866 5411 4270 derſelbe deswegen eine oſtenſible Erklärung geben. Auch von Dn D Storr
1011 4114 5010 4378 zu ſagen, daß man nicht geſon̄en, weitere Negotiationen vorzunehmen.
717 4162 5381 4580 Dn D. Maier. Er überlaße Ampliſs. Senatui, ob man eine weitere Vorſtellung
961 4395 5410 4831 machen wolle? Er habe ſich nie von den Vortheilen überzeugen kön̄en,
962 4559 3450 4931 und deswegen die Sache gehen laßen.
1085 4790 5357 5306 Gegen Dn D. Storr wäre zu aeußern, Er werde aus den Reſcript
925 4998 5321 5462 erſehen haben, daß man berichten ſolle, wie die Sache eingeleitet
939 5305 5293 5690 wäre; man wünſche daher eine oſtenſible declaration zu haben,
948 5495 5320 5919 da er am beſten wiße, was Er wegen ſeiner Krankheit thun kön̄e,
926 5661 2785 6055 und wolle. Dabei aber wäre die gröſte
2852 5726 3515 5922 eine gewiße
3373 5770 5314 6177 Schonung gegen Hℓ. D. Storr zu
947 5877 1833 6194 beobachten.
716 6068 1506 6461 Dn. D. Gmelin.
1424 6113 1582 6262 sen.
1447 6044 5296 6602 . Unter Anführung der Worte des Reſcripts wäre Dn D Storr
838 6354 5353 6820 zu ſagen, daß man zu berichten habe; da man aber diß nicht thun
861 6586 5297 7042 kön̄te, ohne eine Erklärung von ihm zu haben,  ſo werde Er
886 6816 5323 7312 um Auskunfft gebetten, welche als Beilage dem Bericht beigelegt
847 7071 5208 7481 werden kön̄te; dabei wäre Er zu fragen ob er ſolche beſtim̄t
861 7279 5180 7837 geben wolle, oder ob man ſeine gegebene Erklärung beilegen
868 7565 5348 8048 ſolle. Zugleich wäre über ſein Nichtwohlbefinden Bedauern zu bezeugen.
