5692 9032
3038 379 4868 777 Auf ihn, Bravo Bravo.
2916 633 5395 1131 diß Daß Herr Schweiter diß gerufen,
2914 914 5392 1268 werde der Buchdrucker Jung Raiser
2940 1127 5437 1600 der an Hℓ. Prof. Gmelin Hauß in der
2858 1440 5428 1806 MünzGaß geſtanden, wo er vorbei
2850 1808 4126 2142 müßen, und der
3997 1713 4254 1850 den
4126 1753 5392 2113 Hℓ. Schweiter von
2867 1949 5257 2400 Perſon gut ken̄e, mitangehört.
1206 2104 1641 2485 3.
476 2442 3079 2890 Was er dann mit dem Jungen gehabt?
3036 2518 5361 2946 Es wäre an ihm ſolcher an ihm am
2885 2765 5430 3211 Montag Aben Nachts vorbei gegangen,
2800 2980 5325 3499 und hätte an wäre kurze Zeit an
2827 3269 5386 3751 ihme ſtehen geblieben, und hätte ihm
2826 3555 5431 4099 ins Geſicht geſehen; Dep. habe aber
2870 3841 5423 4349 weder mit dem Jungen geredt
2851 4138 4441 4500 noch ihn angerührt.
1163 4201 1554 4530 4.
507 4553 2164 4948 Ob er mit der Junge an
2994 4321 5429 4767 Auf die nemliche Weiſe ſeye am Dieſtag
2899 4554 5297 4905 der Junge zu ihm hingekom̄en und
2901 4782 5308 5209 habe ihn auch wieder ſo angeſehen.
2998 4992 5373 5363 Er ken̄e den Jungen genau und kön̄e
2879 5185 5305 5525 mit Zuverſicht behaupten, daß ſolcher es
2885 5323 4092 5589 beede mal geweſen.
1339 5009 1542 5244 4.
492 5152 2919 5589 Ob er mit Gewisheit behaupten kön̄e,
490 5412 2744 5884 daß Hℓ. Schweizer ihm den Hieb
443 5718 1339 6034 beigebracht.
2874 5460 5304 5887 R. Zuerſt wäre  am Dienſtag
2973 5725 5306 6163 Nacht einer Student gekom̄en,
2930 5945 5361 6268 der auf der Gegenſeite vor ihm
2879 6221 5364 6670 da er unter dem Bauriſchen Hauß
2886 6466 5370 6903 geſtanden, vorbeigegangen; dieſer
2931 6750 5393 7166 habe auch herumgeſehen, ſeye aber
2842 7007 4957 7386 gleich wieder fortgeloffen.
3037 7283 5183 7626 Wie er dieſen nachgeſehen,
2871 7468 5382 7945 habe ſich ein anderer hinter ihn hin_
2864 7724 5374 8139 geſchlichen, ohne daß er es gewust
