4324 5213
3756 200 229 147 85

445 232 3523 288 durchsucht ohne Erfolg. Kamen zuletzt in die Mbenkuru-

472 376 2618 282 Ebene hinab, die hier anscheinend von der

2845 374 284 122 nach N.

3041 375 1037 257 untertauchenden

511 538 3616 250 2ten Stufe der Saurierschichten gebildet wird u. auch wieder

491 723 3300 234 bepflanzt ist im Gegensatz zu dem Zwischenstück nach

452 830 3384 294 Nanundo zu, in dem d. groben Sandsteine anstehen.

474 1046 3500 178 Hier zahllose Spuren von Barappi u. Ndogolo, aber nur 1 Mba-

492 1203 3561 197 wala u. 1 Puduka gesehen. Zu meinem Ärger versagte beide„

482 1344 3434 236 male d. Gewehr, erst als ich wütend dem entfliehenden

475 1514 3342 219 Puduka nachfeuerte, ging d. Schuß los, aber natürlich

489 1689 3611 239 ohne Erfolg. Der Trigonien-Horizont ungemein reichhaltig,

491 1817 3620 285 aber nichts neues, nur schienen mir d. Exemplare kleiner

324 2039 3602 207 als bei uns. 1 Mann, den ich an's andre Ende v. Mtapaia

475 2143 3439 265 gesandt hatte, wo ich früher Trigonien sah, brachte schöne

481 2266 2984 295 große Stücke, darunter auch eine prächtige Pectinide.

685 2440 3294 276 Um 11 zurück, sehr heiß. In einem Graben ein hübscher

483 2585 2356 294 zarter Knochen, wahrsch Vogelextremität.

670 2762 3307 244 Abd. entfloh der Hundsaffe, dessen Schnur sich gelockert

481 2925 3490 234 haben mußte, anfangs von mir unbemerkt, da ich den

476 3034 3593 255 losgebundenen Kima, der jenem offenbar folgte, zurück„

491 3199 3458 230 holte. Er schien sehr unangenehm überrascht von dem Be„

477 3341 3579 246 nehmen seines Vetters u. schloß sich augenblicklich zärtli„

449 3531 3604 289 cher an mich an; er ist verblüffend sympathiebedürftig.

628 3690 3252 274 In Mtapaia beim Aufbruch zum ersten Male Brummen von

423 3857 871 266 Löwen gehört.

657 4130 390 160 5. Oct.

771 4015 210 142 Nov

997 4009 2753 297 Morgens in d. Schamben ein Mbawala geschossen,

442 4223 2885 213 der Länge nach von vorn bis hinten durchbohrt.

554 4351 3221 258 Gute Erfolge in den Gräben. Teilweise bewölkt, aber

467 4471 3541 253 die Sonne fast garnicht verdeckt. Boheti erkrankt wiederum.

632 4677 376 199 6. Oct.

829 4651 143 102 Nov

957 4602 2852 276 Morgens eine Stunde bewölkt, dann den ganzen

432 4784 3268 247 Tag gänzlich klar. Dennoch schien mir die Luft heut
