4324 5214
280 253 143 174 2

431 260 3546 290 Menschliche Gestalten in Pompeji sehr klein, auch die Türen auf„

313 438 2608 273 fallend niedrig. Prächtige Gebirgsumrahmung.

552 546 3405 299 Lavastrom von 1906 bei Boscotrecase noch ganz kahl und

360 688 3160 338 ursprünglich, zwischen die Häuser u. Gärten gedrängt.

511 924 3393 209 Warmes, sommerliches Wetter seit d. 18.III. Regenschauer

349 1007 3529 303 in Neapel, sonst ständig blauer Himmel u. schön. Am

351 1123 3623 251 17. bedeckt, aber zum ersten Mal im Schatten nicht kalt.

331 1321 2509 300 Windstille am 23.III. im Roten Meer.

607 1509 3205 247 Am Suez-Kanal Uferprofile, Ähnlichkeit mit solchen

358 1653 3334 262 in unteren Diluvialsand der Mark. Mächtigkeit des

368 1776 3366 311 Sandes gering: im südlichen Teil Unterlagerung durch

402 1901 3630 309 Tone und grünlichblauen Schlick sichtbar. Der Boden nimmt

370 2065 3557 263 in der Nähe von Bahnwärterhäuschen u. dgl. Pflanzenwuchs

364 2270 3513 268 (Palmen, Kaktus etc.) an. Scharfe Abgrenzung des ebenen

355 2391 3507 312 Wüstenteiles gegen die Randgebirge von d. Rande vor

327 2560 3598 273 Suez gut sichtbar (Grabenbruch?) Gebirge gleichfalls vegeta„

321 2748 647 234 tionslos.

556 2851 3510 277 Aegyptische Küste zeigt am 22 früh deutliche Strandterrassen,

344 3091 3640 224 stellenweis bis zu 4 übereinander, parallel u. horizontal.

393 3148 3531 377 In Hebung begriffen. „The Brother's“ im Roten Meere

376 3367 3462 253 u. andere Inseln, falls nicht vulkanisch, gegen Graben„

381 3484 3435 283 bruch sprechend? Inselgruppen im Süden d. Roten Meeres

408 3640 3542 297 z. T. (aber nur z. T!) gleichfalls mit einer niedrigen Abra„

429 3820 3573 280 sionsfläche (vielleicht Fluthöhe, sonst gehoben), z. T. Steilabbrüche,

208 4050 250 189 24.III.

458 4002 3507 289 leicht zerstörbar u. viele winzige Erosionsklippen. Dennoch

419 4081 3643 277 mehrere vollständig erhaltene Krater, gleichsam Modelle. Nördlichste

434 4279 3487 263 dieser Inseln im Süden auch Sedimente? Deutliche, gleichmäßige

436 4463 3368 289 Schichtung, Einfallen nach S., hellgelbe-weißliche Farbe (auch an

440 4641 2072 238 einer Stelle am Nordfuß helle Färbung)

704 4758 3364 251 Zahlreiche Scharen Guano bereitender, entenähnlicher, brauner
