4324 5214
346 266 183 219 130

642 236 3439 361 Bei km. 142,6-7. Schieferletten mit starker Verwitt.-Decke

1150 473 2882 216 142,4 wieder feste Bänke mit Einschlüssen; von

954 660 3052 247 Tonschmitzen (und Quarzit??) Grünliche Tone, sehr

916 798 3070 285 feinblättrige Schieferletten u. grobe Geröllbänke wech„

883 975 2249 267 selnd. Rote Farbe vorherrschend bis

1165 1137 2882 250 141,9. Winzige Muschelspuren in den Sandsteinletten?

1153 1293 2941 291 138,7 (nach Taleinschnitt) neues Gestein (Kalk?), Einfallen

973 1539 750 155 unverändert

1154 1600 2885 265 138,2 nach beiden Seiten Schotterbruchgraben in

923 1792 3098 303 einer festen Bank von bläulich-hellem Sandstein,

928 1934 3147 357 Einfallen wie bisher. Merkte erst hier, daß ich bereits

948 2184 3059 240 in Kitugallo, also längst im Jura war u. begann

938 2285 2802 322 am Karoo zu zweifeln. An der Station große

944 2447 2994 286 Steinbrüche (1. Smlg. Lettre-Sattler u. eigene) in blau„

937 2661 3000 308 grauem oolithischen Kalksandstein mit großen ein„

903 2814 3132 324 gesprengten Feldspäthen u. Quarzen (höchst eigentümliche

917 3001 3130 322 Fazies!) sowie sehr spärlichen, aber auf d. Halden unschwer

898 3190 3139 256 sichtbaren Fossilien von deutlicher Struktur. Schwer heraus„

943 3320 3050 323 zuholen u. vielfach bereits zerschlagen (Pecten, Ostreen)

950 3480 3071 334 Höchst auffallend ferner häckselartig zersplitterte, aber

935 3683 3060 289 lokal angehäuft Holzkohle-Einschlüsse, die schon längs

907 3880 3020 282 der Bahn im Schotter bis über Mikesse hinauf

936 4018 3000 320 auffallen. Einfallen unverändert östlich, hier S.S.O.

1067 4183 2783 326 137,4 Sandige, bräunliche, im Bruch glänzende

911 4355 3060 313 Sandsteinletten, über d. blauen Kalken, Einfallen

972 4582 1021 296 S, ein wenig W!
