4324 5213
438 206 220 175 56

493 215 3386 258 weiter bis gegen 8 Uhr, wir stellen endlich  den

496 378 3162 237 Barographen auf. Ging auf Jagd u. erlegte ein

489 542 3491 266 Warzenschwein, regnete aber dabei gehörig ein, was

502 682 3460 243 mir bei meinem augenblicklichen Zustande bedenk„

484 881 3426 246 lich schien. Auch in d. folgenden Nacht wieder

477 1001 1190 303 kräftiger Regen.

803 1188 2135 326 12 August. Post eines Zwischendampfers.

816 1422 3006 248 14 August. Morgens auf d. Tendaguru Horizonte nach

550 1498 3371 304 N, W u. S abgezeichnet. Erwarteten Hrn. Linder's Be„

538 1660 3418 339 such im Lager nach Angaben d. Schwarzen. Als ich gegen

563 1864 3117 289 9 bei d. nördlichen Grabungen erschien, war

499 2014 3261 287 soeben Herr Christens auf d. Barrabarra entlang

531 2165 3245 223 gezogen nebst Gemahlin, 2 reizenden kleinen

502 2307 3427 205 Mädels von 7 u. 8 Jahren, die hier in d. Kolonie

532 2432 3361 317 geboren u. aufgewachsen sind, u. deren Fräulein. Ich

533 2573 3282 288 begrüßte u. begleitete sie eine Strecke. Hr. Christens

531 2702 3417 375 besichtigt d. Mbenkuru-Tal f. ein Strauß'sches Unter„

538 2846 3266 297 nehmen in Baumwolle u. scheint gute Hoffnung

543 3023 3328 343 zu hegen. Also wird hier in einigen Jahren wohl

579 3141 3263 368 auch d. Kultur eingedrungen sein. Mich freut's

592 3310 3288 262 - u. noch mehr, daß ich d. Land noch unberührt

513 3518 1210 264 vorfinden durfte.

727 3633 3104 341 Sonntag d. 15. Aug: Morgens 4 aufgestanden, mit

528 3840 3384 306 Ali u. einem Begleiter in's Tal hinab zu jagen.

572 4014 3274 260 In Kipande konnten wir keinerlei Auskunft

552 4141 3219 332 erhalten, ich ging also meine eigenen Wege

610 4383 3112 235 über d. alte barrabarra in  abgebrannten

538 4501 3366 330 Busch. Erstaunt allerlei beträchtliche Hügelzüge an„
