4324 5213
416 119 175 166 12

411 174 3571 229 beim Schrotschießen der Zufall d. Visier einstellt, habe ich

430 351 3640 202 wenig Freude daran, es war uns nur um den Braten

412 503 3242 269 zu tun. Wenn man aber evtl. nur verletzt, so

425 616 3494 250 läuft es auf Tierquälerei hinaus. Ich bin nicht Ange„

448 813 1599 274 stellter für Raubvögel.

696 884 3287 336 Abends zum Sonnenuntergang auf d. Tendaguru-

393 1063 3322 340 Spitze (m. Janensch). Ein herrlicher Anblick u. f. uns

432 1195 3652 381 jetzt auf d. neuen Wege bequem täglich zu erreichen.

455 1436 3523 284 Ich hatte mich vor allem auf d. Herreise gefreut;

423 1561 3526 276 daß wir's auch hierselbst so schön haben sollten,

427 1738 2350 320 ist ein neues Geschenk der Götter.

705 1962 3164 248 29.IV Ankunft v. 20 Trägern aus Lindi, geführt u. befehligt

508 2082 3351 224 von einem durchaus selbstbewußten etwa 15 Jahre alten

496 2257 1545 239 Knaben, Sohn eines Jumben.

673 2354 3234 328 29.IV.09. Eine seltene Geburtagsfeier! Vor Abend kam ich aber kaum

462 2519 3468 250 dazu recht nach Haus zu denken und die Gedanken der Meinigen,

477 2653 3479 329 die mich wohl heut hier gesucht haben mögen, unterwegs ab„

508 2861 3399 272 zufangen. Vorm. am Graben, Nachm. die Quelle gesucht, aus der

514 2985 3188 253 unsere Wasserträgerin schöpft, aber nicht gefunden. ca 15

503 3079 3387 331 Patienten verbunden; die Leute wissen m. d. Geräten noch

499 3230 3190 303 schlecht umzugehen u. schlagen sich in die bloßen Füße.

570 3369 3413 289 Dann auf d. Tendaguru, wohin Janensch u. Sattler eine

476 3521 3370 319 Stunde später nachkamen, um Geburtstag u. Einweihung

482 3655 3294 275 des neuen Pavillons gebührend zu begießen. Auch dort

495 3793 3311 339 zu Abend gegessen, um ½9 im Dunkeln zurück. Der weite

544 3950 3080 305 Blick in d. jungfräuliche Land, in dem wir absolute

512 4105 3461 290 Monarchen sind, der Sonnenuntergang hinter den Bergen

510 4218 3463 265 des Horizontes, die klare Luft, die seltsamen Silhouetten

528 4364 3235 289 der Bambusblätter gegen d. Abendhimmel, d. unge„

526 4457 3456 322 wohnten Stimmen von Nachtaffen, Schopfperlhühnern u. das

550 4702 3357 257 Lagerfeuer unserer schwarzen Bedienung, hernach das
