4324 5213
255 239 256 208 148

624 231 3313 339 1. März. Sattler u. Janensch zu einem Glimmerfundort,

590 421 3463 253 ich muß, um d. Fuß zu schonen, wieder zu Haus bleiben.

627 648 1699 286 Brief an Mama. Gelesen.

661 821 3098 219 2. März. Ali zu Besorgungen nach Mrogoro geschickt.

689 1044 3236 172 3. März: Sattler fährt nach Daressalaam. Morgens

628 1150 3211 303 zum ersten Mal das Gebirge in voller Klarheit

603 1312 2334 271 u. Schönheit gesehen. Post erhalten.

693 1470 3150 259 4.III: Morgens nach W ca 1 Std. weit in schönen

518 1642 3458 272 Wald mit niedrigem Gras, wo Barappis sein sollen.

551 1828 3160 293 Sah auch Spuren aber kein Tier. Ich habe Pech in

543 2081 3391 197 diesem Lande. Indes sehr schöner Spaziergang, präch„

547 2204 3218 292 tige Bilder in den Schamben. Freilich den Fuß

584 2415 1600 243 wieder wund gelaufen.

828 2537 3121 241 Wir wollten nachm. nach Mrogoro abfahren, da

599 2742 3318 263 aber J. wieder mal „nicht Zeit gefunden“ hat, die

546 2894 3314 222 nötigen Briefe vorauszuschicken, müssen wir's bis

536 3114 3387 237 Montag verschieben. Er fährt selbst zu Vorbereitun„

622 3259 1849 256 gen auf eine Nacht hinüber.

771 3418 1383 242 H. v. Treitschke gelesen.

727 3534 3278 307 5.III. Muß d. Fuß f. d. Reise wieder schonen u. entbehre stark

603 3714 1627 285 lebhaftere Tätigkeit. Gelesen.

750 3820 3144 368 Sonntag d. 6.III. Vorbereitungen zur Abreise. Schwierig„

597 4074 1388 231 keit Träger zu erhalten.

806 4171 3212 308 7.III: Ali u. 1 Mann gehen aus, um Träger zu „requi„

538 4310 3445 324 rieren, d. h. ergreifen sie bei d. Feldarbeit, lassen ihnen

527 4510 3528 287 nicht einmal Zeit, von d. Frau Abschied zu nehmen, finden

535 4681 3321 299 auch nicht d. geringsten Widerstand. Ein Askari hat vom
