4324 5213
335 220 168 174 64

642 300 3223 291 1. September. Höre gelegentlich eines Wirbelwindes dessen

481 488 3309 243 sehr zahlreiche Namen u. d. Sage, es befinde sich darin ein

485 619 3527 204 kleines Tier von etwa Spannlänge, über das ich nichts weiter

525 778 3449 264 erfahren kann, oder eine sich windende Schlange oder aber

500 927 3379 186 ein Mann mit 1 Bein, 1 Arm, 1 Auge, 1 Ohr u. s. w. Mein

506 1075 3533 293 Gewährsmann gebrauchte nicht d. Ausdruck „halber Mensch“, was

498 1225 3379 320 auch insofern nicht ganz richtig wäre, als auch d. Finger

496 1384 3345 304 in der Einzahl vorgestellt wird. Recht humoristisch u.

497 1625 380 257 hübsch!

662 1774 3075 292 Neumayr's „Anleit. f. Forschungsreisende“, in das ich mich

509 2013 3301 189 sehr vertiefe. Gern hätte ich manches schon zu Haus stu„

546 2099 3360 284 diert; Janensch, der Gelegenheit gehabt hätte, ist eigentlich

522 2249 3365 268 unverantwortlich unvorbereitet. Übrigens konstatiere ich

544 2437 3428 310 m. Freude seit einigen Tagen energische Inangriffnahme,

523 2621 3390 236 derjenigen Arbeiten, die in diesem Jahre am dringend„

474 2820 932 276 sten erscheinen.

740 2889 3200 400 2. Sept. Morgens feiner Regen u. vorm. meist bedeckt,

529 3174 3156 266 daher auch sehr angenehme Temperatur. Gern hätte ich

558 3268 3314 306 heut mehr unternommen als Grabenaufsicht, aber die

588 3406 3139 329 Verdauungsstörung verlangt unerwünschte Schonung.

738 3653 3242 225 Skelett am Wege nach Mtapaia in Angriff genommen.

668 3832 3266 253 3 Sept: Um ½4 aufgestanden, in den alten Schamben gejagt. Grade

552 3958 3239 258 als ich ankam, wurde d. Mond verdeckt, so daß ich weder das

534 4094 3249 252 schöne Bild recht genießen noch Spuren sehen konnte. Zum

557 4249 3326 253 Schlusse nach mehreren Stunden stand ich mit Ali an einem Ab„

582 4381 3238 263 hang, einige Perlhühner lenkten die Aufmerksamkeit auf

605 4491 3149 274 sich, dann stand wie aus dem Boden gewachsen ein

615 4636 3248 230 Barappi daneben u. trabte davon, ohne daß ich schießen

616 4837 3249 168 konnte. Ging zu d. Arbeitsstelle bei Mtapaia, ein prächtiger
