4325 5213
3845 177 137 184 77

452 247 3518 217 Jetzt war ich 4 Std. unterwegs u. kehrte auf gradestem Wege

424 375 3495 273 (2½ Std.) durch Pori u. kleine Wege heim, sodaß ich wohl Mta-

419 541 3625 285 paia in ganzer Ausdehnung kennen lernte. Hier trennen

437 672 3486 284 sich d. Wege nach Makumba u. Niongala, die Entfernungen

438 856 3289 202 wurden mir als „6 Std.“ u. „7 Std.“ angegeben. Auf dem

467 1013 2549 245 Rückwege noch eine Knochenstelle gefunden.

704 1158 1453 243 Nachm. Briefe geschrieben.

517 1304 3470 209 7. Oct. Im Doanika-Bach geklopft. Stanley ausgelesen; zu sehr

379 1470 3525 298 Reporter, oder beeinflußt mich meine Feindschaft gegen die

455 1690 605 220 Zeitungen?

592 1854 3329 217 Abd. auf d. Tendaguru. Zum ersten Male hier entwickelt, mit

442 1960 393 254 Erfolg.

487 2116 3468 252 8 Oct. Dicht am Lager u. nahe Skelett A entwickelt sich wieder eine

418 2320 3537 274 schöne Fundstelle im Graben. Nahe Skelett D ist ein Skelett mit

420 2483 3451 211 allen 4 Extremitäten ausgegraben; die Zehen mußten da

411 2705 3442 211 sein; ich ließ graben u. fand sie (anscheinend 3-zehiger Vorder-,

430 2824 1262 241 5-zehiger Hinterfuß!)

564 2966 3537 256 Abend: durch die Schamben spazieren gegangen, nur Perlhühner.

427 3202 1075 269 9 Oct. Poscho-Zahlung.

404 3398 3642 301 Sonntag d. 10. Oct: Endlich einen lang ersehnten Ruhe-Sonntag

469 3608 3631 238 gemacht. Im Lager gezeichnet, Post abgefertigt. Wegen vieler

435 3754 3299 234 kleiner Angelegenheiten u. eines Shauri (wir mußten

421 3889 3570 292 sogar heut prügeln lassen) auf d. Tendaguru geflüchtet. Pano„

426 4124 2023 242 rama nach W u. N. aquarelliert.

517 4266 3420 188 Nachm. Gelesen Beschreibung von Stanley's Durchquerung Afrikas.

399 4463 3190 153 Die Darstellung ist gradezu abschreckend u. das hat ein

403 4597 3164 267 Gymnasialdirektor geschrieben!!! Inhalt befriedigt aber.

482 4763 1358 243 Abds. in den Schamben.
