4324 5213
341 184 199 173 10

397 194 3530 270 d. Leute 6-2. Viel mitgegraben u. herauspräpariert. Sehr

414 381 1482 246 ermutigender Anfang.

716 487 3088 241 Noch immer die täglichen Nachmittagsregen, sonst

454 682 3023 198 angenehmes Wetter. Nachm. im Lager. Abrechnungen.

528 857 3358 192 21.IV. Vorm. Grabarbeiten. Den v. Dr. Janensch am ersten Tage ent„

407 971 2899 196 deckten Schädel(?) aus einem Wasserriß südl. d. Lagers geholt.

650 1009 3245 295 Nachm. In d. Augenblick, als ich m. Sattler zu einem kl. Jagdausflug

407 1198 3434 287 aufbrechen wollte, ging ein heftiger Regen nieder, der es ver„

378 1431 448 161 eitelte.

480 1484 3161 251 22.IV. Morgens im Schürfgraben zwei neue ganz unverletzte

374 1565 3351 318 Armknochen aufgedeckt. D. erste Exemplar kommt ebenfalls

386 1752 3361 255 immer vollständiger, aber weniger unversehrt heraus.

436 1889 3538 324 Ein Hundsaffe trabte zwischen dem Lager u. d. Arbeitsplatz

418 2049 2298 258 umher, bis ihn Herr Sattler erlegte.

600 2182 3330 233 Nachm. Mit Sattler u. Janensch auf d. Gipfel d. Tendaguru.

393 2294 3362 264 Wir haben dorthin einen bequemen Fußpfad anlegen

405 2462 3506 241 lassen. Eine wundervolle Warte. Abrechnungen im Lager.

547 2631 3449 210 23.IV. Täglich werden noch neue Arbeiter eingestellt. Wir

425 2767 3493 270 haben jetzt 60 Mann, deren Frauen u. Kinder im Lager

426 2871 2430 240 leben. Es entsteht ein kleines Dörfchen

586 2939 3457 250 D. Aufsicht bei d. Grabungen ist fast überflüssig, die Leute arbeiten

419 3139 3425 247 sehr sorgfältig u. mit gut angebrachter afrikanischer Ruhe. Auch

410 3290 3616 202 können wir uns auf Boheti verlassen. Dr. Janensch hat seinen

369 3400 3620 227 Arbeitstisch draußen aufgeschlagen. Ich gehe daher heut nur gelegent„

378 3536 3503 296 lich hinaus. Die an d. neuen Fund geknüpften größeren Erwartungen

351 3715 1944 262 rechtfertigen sich nicht, er bleibt vereinzelt.

620 3744 3280 294 Besuch des Liwali (Akiden) Sadallahan d. Fundstelle u. im Lager.

382 3997 903 213 Bornhardt studiert.

573 4012 3333 323 Nachm. Einen neu gemeldeten Knochenfund 10 Min. vom Lager

401 4163 3423 338 in hohem Grase besichtigt. Wohl d. größte bisher gefundene Schenkel„

423 4337 3504 253 knochen (ca. 1,70 m. lang) in guter Erhaltung, desgl. Wirbel u. zahlreiche

421 4469 3516 261 Bruchstücke. Dann wiederum auf d. Gipfel, wo etwas gerodet

447 4637 3450 215 ist. Schöner Blick auf d. regenschwere Landschaft. Mit Sattler über d.

467 4751 3485 230 S.W.-Abhang hinab. Auf halber Höhe kleiner Knochenrest, scheint mir
