4324 5213
319 220 174 193 82

706 278 3210 195 23. Oct. Ziemlich viel bewölkt. Trotzdem morgens in

525 385 3183 257 den Schamben kein Wild gesehen. Recht viel zu allen

523 520 3337 229 Arbeitsplätzen herumgelaufen, ließ auch im Bache Verstei„

518 681 3349 274 nerungen suchen, und gab d. Verpackern sonstige Be„

484 823 3249 312 schäftigung, da sie aus Mangel an Such u. Bindfaden

501 1043 1337 263 sonst feiern müßten.

787 1133 2537 285 Poscho-Zahlung. Wetterleuchten im S.

619 1337 3344 227 Sonntag d. 24. Oct. Zum Maïmbui auf Jagd, um d. Konserven

512 1563 3104 235 zu schonen. Nur 1 Taube heimgebracht, Wild nicht zu sehen.

735 1664 2092 279 „Jesus“ Schlußszene. Aquarelliert.

647 1860 3152 282 26. Oct. Finde morgens den Tumbili-Affen erhängt,

517 2098 3449 216 die 3 nachts eng aneinandergeschmiegten Affen hatten ihre

491 2217 3432 268 Leinen derartig verwickelt, daß das arme Tier sich nicht

485 2377 3030 273 retten konnte. Wiederbelebungsversuche erfolglos.

728 2528 2947 202 In d. Schamben nur 1 Schwein gesehen, das ich nicht

482 2736 3484 189 schießen wollte, da ich momentan sein einziger Kunde

512 2850 3449 201 wäre. Unweit des Boheti-Grabens finden sich ebenfalls

482 2934 3466 254 Wirbel einer kl. Theropoden- u. einer großen Sauropoden-

448 3135 878 221 Form vereint.

656 3170 3356 289 Mittags 1 Uhr kurzer, aber auffallend starker Regen,

488 3357 3127 303 fürchte frühen Beginn der Regenzeit. Anschließend

492 3526 3335 291 Gewitter (2maliger Donner) im W. Himmel mit ganz

484 3686 3526 256 gewöhnlichem Aussehen, auch der Abd. tat, als wenn nichts

485 3846 1215 274 vorgefallen wäre.

945 4056 3023 297 Die Tage vergehen so schnell mit Briefschreiben, ethnol. Arbeit,

505 4245 3479 254 gelegentl. Schreiben am „Jesus“ u. tägl. Lektüre des Thackeray (Jahr„

492 4379 3536 274 markt des Lebens), daß ich nachm. nicht aus d. Lager komme, außer

477 4515 3337 276 um auch abds noch ein wenig in d. nahen Gräben Knochen zu

480 4711 3462 253 besichtigen u. Bruchstücke zusammen zu passen. Die Funde sind gut.
