4324 5213
3667 178 250 148 137

438 180 3514 315 Wert behalten haben, wenn auch für mich d. Anblick nicht

453 401 3544 222 immer ästhetisch war. Meist handelte es sich um einen Brust„

441 551 3471 198 tanz der Weiber mit unverhülltem Busen (auch bei den

473 707 3394 278 kleinen Mädchen. Es war Hochzeitsfest, die Braut wurde

476 866 3461 294 hinausgetragen, kam auf d. Schultern ebenso zurück, aber

493 1056 3349 262 ganz u. gar voll Öl geschmiert, so daß ihre hellfarbige,

513 1211 3537 274 fast rötliche Haut glänzte u. troff. Sie wurde unter Trommel„

499 1366 3293 251 klang u. ihrem Tanze mit irgend etwas (wohl einem

516 1533 3489 274 fruchtbarkeitverheißenden Samen?) bestreut u. schien sehr

493 1700 3519 237 ermattet. Zum Glück behalten die Brüste hier ihre natür„

503 1859 3510 280 liche, uns schöner erscheinende Form, da die Weiber des

519 2020 3591 287 Landes keine Oberkleidung zu tragen pflegen und daher

522 2255 3585 257 nicht abschnüren können. Ganz prächtig war der Kinder„

540 2451 3443 213 tanz, in dem ich zu meiner Freude auch die kleine

563 2578 3509 226 Bekanntschaft vom Vormittag, sowie mehrere andre Mädchen

540 2836 3257 199 von wirklich hübschen Gesichtszügen u. in ihrem ganz

537 2914 3266 286 reizenden Schmuck wiederfand. Abd. Sortieren der

570 3108 1080 264 Versteinerungen.

797 3329 3031 243 18.II: Weg nach Vissima saba, hier mein Zelt am

570 3493 3354 198 Lager d. Streckenarbeiter (zur Zeit leer) aufgeschlagen, mit

573 3659 3145 182 Salesi u. Wilhelm in d. nunmehr endlich entdeckten

546 3786 3226 207 Kinkelin-Bruch. Ich fand eine sehr harte, mächtige

559 3944 3385 298 Bank, die fast ausschließlich aus einer kleinen Muschel„

564 4084 3361 265 art bestand u. die wohl zw. km. 119,5-6 am Bahneinschnitt

566 4311 3289 247 zum Vorschein kommt. Bläuliches Gestein ohne Oolith-Struktur,

565 4486 3533 184 in verwittertem Zustande gelblich, Glimmerschüppchen enthaltend.

549 4696 3342 258 Schalen d. Mollusken zerfallen leider beim Absprengen, da
