4324 5213
336 236 117 228 4

626 182 3269 271 27.III. Somaliküste, Vorgebirge Ras Hafun, niedriges, ganz

395 365 3456 237 ebenes Land, aber Steilküste, horizontale Lagerung. Weiße

419 556 3574 252 u. rote Farben, letztere besonders auf in d. höheren Lagen

418 731 2232 283 (Verwitterungserscheinung, Laterit?)

262 782 3635 338 27. u. 28. Zahlreiche Scharen fliegender Fische vom Schiff auf„

433 1025 3224 345 gescheucht, meist klein, darunter aber vereinzelte

423 1190 3268 326 größere, die auch längere Strecken zurücklegen. Der

392 1316 3559 285 erste Eindruck ist der von Schwalben wegen der wei„

368 1488 3614 291 ßen Bauch- u. graubläulichen Rückenseite, Geschwindig„

374 1652 3459 307 keit u. Richtungswechsel des Fluges. Der Flug geht

395 1788 3535 290 dicht über dem Wasser hin u. schmiegt sich den Wellen„

368 1971 3595 244 bergen u. -tälern beliebig an. Ich würde keinen Augen„

368 2098 3410 275 blick an wirklichem Fluge zweifeln, glaube sogar die

355 2294 3573 220 Bewegung der Flügel gelegentlich beobachtet zu haben,

403 2383 3585 328 wenn nicht Möbius' Autorität noch bis zum vollendeten

384 2539 3429 323 Beweis entgegenstünde. In Aden flogen übrigens auch

383 2709 3636 295 Möven neben dem Schiff her in gleicher Schnelligkeit, nach

378 2875 3536 317 Belieben es auch überholend, gegen den Wind und -

358 3082 3655 252 ohne d. Flügel zu regen. Mir war das Verhalten ganz

378 3174 3401 295 unklar, da auch d. Höhe die gleiche blieb. Ich kann

385 3319 3452 327 nur annehmen, daß ein unsichtbares Vibrieren die

379 3524 3439 225 Wirkung hervorbringt. Ähnlich oder ebenso mögen

373 3558 3617 354 es die Fische machen. Auch mit Libellenflug ist d. Ähnlich„

366 3889 671 207 keit groß.

499 3977 3441 229 28.III: Küste außer Sicht. Seit gestern stärkere Wolken„

376 4142 3461 252 bildung, aber unverändert schönes Wetter. Etwas

331 4286 3627 318 Wind, im Schatten mittags 12° C. Gestern fast still, aber

410 4455 3603 312 angenehmre Luft u. Stampfen des Schiffes infolge kaum

370 4667 1670 256 sichtbarer Dünung aus S.

482 4797 1030 226 29.III. Äquator-Taufe.
