4324 5213
310 223 169 244 78

526 243 3412 305 11. Oct: Mit Ali wieder nach Mtapaia (3 Std. je hin u. zurück,

456 466 3472 243 ½ Std. Aufenthalt), um die inzwischen in Angriff genomme„

500 597 3484 271 ne Stelle u. neu gemeldete Funde zu besichtigen. Unter„

478 785 3413 230 wegs 8 Ngorombwe nach einander gesehen, eins ange„

420 932 3214 349 schossen, nicht getroffen, da ich d. Büchse nicht gleich zur

478 1092 3454 339 hand hatte u. dann d. Riemen sich vor d. Visier schob.

516 1247 3420 265 Auch Kanga's ohne Erfolg verfolgt. Abermals neuen Fund

515 1418 3400 340 gemacht, die andern nicht bedeutend, einen angeb„

495 1636 3222 219 lich großen konnte ich aus Zeitmangel nicht mehr

492 1746 1891 351 besichtigen. Zuweilen recht heiß

778 1888 3092 312 Uns wird ein junges Mbawala gebracht, höchstens

516 2097 3439 221 einen Monat alt, das einer unsrer Leute mit der

474 2307 1269 249 Hand gefangen hat.

532 2399 3321 277 Die Knochenstelle im Kitukituki-Bach in Angriff ge„

473 2564 2682 280 nommen (zweite Stufe der Saurierschichten)

709 2758 3140 236 12. Oct. Bei Skelett P weitere Zehenfunde. Skizzen u.

458 2918 3494 248 Karten u. Profile gezeichnet. Ehnolog. Aufs. wieder aufgenommen.

791 3058 3110 223 Abd. auf d. Tendaguru, Blick nach N. prächtig klar u. farbig.

677 3232 3213 233 13. Oct. Wollte ein Schwein schießen (abds), durchsuchte aber

515 3365 3335 271 die Schamben u. Pori vergebens nach Wild. Verlor die

510 3509 3304 336 Orientierung, befand mich aber schließlich erstaunt un„

514 3692 3498 224 mittelbar vor dem Lager. Ethnolog. Aufsatz wieder aufgenom̄.

655 3816 3284 261 14. Oct. Wieder durch d. Schamben gestreift (morgens, ohne

469 4011 2997 305 Wild zu Gesicht zu bekommen. Ethnol. Arbeit.

664 4178 3181 274 16 Oct. Morgens in d. Schamben. Heut  wieder viel Wild,

481 4374 3501 218 besonders Schweine; ferner einen prächtigen alten Mbawala-Bock

469 4480 3354 307 verfolgt, heut sehr schlecht geschossen. Endlich ein Warzenschwein

472 4707 396 158 erlegt.

354 4710 3671 262 15. Oct. Vorm. Arbeitspl. bei Mtapaia besichtigt. Im Bache gute Funde zumal auch an Ammoniten gemacht.

401 4893 3424 141 Auf d. Rückwege klang es bei großer Hitze in mir von Trommelschlag, Pfeifen, Trompeten u. Hörnern.
