4324 5213
3830 224 165 119 11

383 238 3585 158 beweisend für Horstnatur d. Gipfels. Erneuter starker Regen.

550 342 3513 165 24.IV. Anfangs bei d. Grabungen. Nachher Weg zur Quelle unter

474 501 3466 208 d. Gipfel, wo Leute d. Weg breiter machen. Quelle nicht

505 653 3237 227 gefunden, im trockenen Bachtale eine Koralle. Am Weg

490 743 3444 266 prächtiger Ausblick auf Mbenkuru-Ebene u. Hinterland.

509 875 3349 244 3 Terrassen auf rechtem Ufer? Wahrscheinlich Auflagerung

468 1033 3168 244 d. Kreide auf Gneiß gegen Namgura zu beobachten.

479 1115 3449 275 Sattler u. Janensch getroffen. Mit Sattler weiter hinab

460 1296 3318 217 in d. Absturz zur Ebene, Nautilus-Fundpunkt von

452 1406 3310 300 Fraas nicht gefunden, aber ständiger Wechsel im

445 1570 3480 308 Gestein, vielleicht einmal gutes Profil. Rings um

449 1706 2279 275 den Tendaguru zurück in's Lager.

752 1829 3061 314 Die Leute v. d. Arbeit schon vor 2h entlassen,

439 2093 1556 230 um Lager zu reinigen.

670 2066 3215 369 Nachm. Ankunft weiterer Träger aus Lindi. Posho-Zahltag.

580 2317 3372 271 Erster ganz regenfreier Tag. d. Regenzeit scheint beendet zu sein.

434 2374 3593 318 Sonntag d. 25.IV. Vorm. Auf d. Gipfel d. Tendaguru gemalt

639 2585 3350 360 Zahlreiche Besuche m. Geschenken an Mehl, Hühnern u. dgl.,

551 2768 3368 313 freilich mit d. kaufmännischen Absicht, Tuch dafür ein„

515 2882 3460 256 zuhandeln. Auch unsere Leute kaufen eifrig bei uns.

501 3112 2275 270 Werde hier also auch zum Krämer.

630 3198 3158 372 Mit Janensch zum Mahimbui, heut bei prächtigem

448 3444 506 212 Wetter.

569 3445 3307 344 26.IV. Wieder zahlreiche Knochenfunde im Graben,

427 3661 3522 277 aber meist geringer Qualität. Ebenso neue Funde

422 3864 3606 256 unweit d. Lagers u. ca ¾ Std. entfernt, ebenfalls

425 4046 3698 216 nur als Fundort wissenswert. Den zweiten besichtig„

447 4230 3689 227 ten wir gemeinsam nachmittags. Dann trennten wir

433 4371 3706 284 uns, ich ging „auf Jagd“, bekam auch wieder eine Taube

423 4515 3688 276 zu sehen u. konnte senkrecht von unten schießen. Dennoch

429 4674 3646 263 bekam ich wieder nur die Zweige, auf denen sie saß. Da
