4324 5213
3892 236 129 195 37

401 219 3448 211 lich. In Nanundo freundlichst aufgenommen u. bewirtet.

413 381 3393 183 Nachm. Kl. Spaziergang an d. Mbenkuru. Rings um d. Dorf

409 516 3551 251 wurde gebrannt, d. Asche flog auf d. Tisch, d. Rauch beizte

401 667 3694 232 d. Augen, aber d. Häuser u. Bäume, ja stellenweis d. trocke„

437 812 3639 263 ne Gras blieben von der rasenden Glut verschont, selbst

434 974 3637 240 in die Schamben leckte das Feuer, ohne Schaden zu tun.

470 1141 3430 211 Um 4h verabschiedet, um 6 zu Haus. Unterwegs durch

437 1284 3634 291 Aschenfelder, wo morgens noch Gras stand. Zum ersten

400 1457 1921 294 Mal Affen im Baum gesehen.

645 1638 3351 322 12 Juli: Vorm. auf Jagd mit unserm Jäger. Ngorombwe

450 1812 3574 319 gesehen, aber verloren. D. Jäger zündet Feuer an, das

441 1929 3522 343 gegen Mittag d. Arbeitsplätze u. d. Lager erreicht und

436 2078 3145 295 am Tendaguru vorüber bis zur barrabarra zieht.

588 2279 3548 251 Abends allein auf d. Tendaguru, von wo d. abgebrannten

426 2383 3685 232 Strecken in ihrer beträchtlichen Ausdehnung bequem zu sehen.

427 2589 3660 188 Auch auf d. Gipfel ist heut abgebrannt worden, um d. Pavil„

407 2681 2668 300 lon zu schützen. Abends Zahnschmerzen.

616 2890 3481 206 13. Juli. Vorm. durch d. abgebrannten Strecken gegangen,

457 2978 3604 328 dabei neue Foss Knochenfunde im Norden d. Berges.

511 3220 3440 170 Im Graben auf d. Nordseite finden sich Zähne, desgl. ein

442 3283 3386 340 Bruchstück bei dem schönen Skelett, das immer voll„

447 3410 3348 348 ständiger von unserm schwarzen Präparator Salim

423 3607 3651 287 herausgearbeitet wird. Unser Jäger schießt ein Warzenschwein (Mbango)

656 3732 3298 328 Lese seit einiger Zeit wieder m. hohem Genuß im

474 3890 2060 323 Chamberlain (Grundl. XIX. Jahrh.)

656 4035 3148 358 14. Juli. Dr. J. zu dem neuen Knochenfund geführt.

488 4239 3460 320 Täglich morgens od. abends kl. Jagdausflüge ohne Erfolg, da doch

463 4455 1138 294 noch viel Gras steht

659 4522 3231 331 15. Juli. Auf einer Streife zw. d. Lager u. d. barrabarra an

456 4688 3512 335 d. halbkreisförmigen Oberlauf des Mtapa ehemalige Schamben
