4324 5213
3637 271 264 226 117

1376 221 1086 354 1910.

507 639 3494 360 1 Januar: Muß d. Fuß wieder schonen u. kann nicht zur

453 877 3208 306 Arbeit gehen. Nächsten Freitag wollen wir fort.

465 1032 2528 325 Aquarelliert (Lutamba-See), Post beendet.

465 1267 3624 330 Sonntag d. 2. Januar: Des guten Wetters wegen ließen

527 1447 3191 300 wir die Praeparatoren heut gegen besondere

556 1743 3308 288 Belohnung arbeiten. Ich blieb wieder im Lager.

625 1925 3039 303 3-5.I. Letzte Reste aus allen Gräben geholt.

594 2146 3388 277 6.I. Mollusken- u. sonstige Versteinerungen verpackt.

606 2288 3313 357 Letzte Signierungen der Knochen in den Magazinen.

610 2514 3475 328 Einige übrig gebliebene gebrannte Mandeln stiftete ich beim

600 2747 3308 277 „Räumen“ der Küche. Daraufhin bewunderte mein

612 2912 3261 319 Ali heut den „akili“ der Europäer in begeisterten

580 3107 3199 254 Worten. Ich glaube, gutes Essen flößt ihnen mindestens

573 3275 3381 334 so vie Ehrfurcht ein, wie ein Dampfer, Eisenbahn oder

601 3462 3475 241 Luftschiff. Auf meine Frage, ob's geschmeckt habe, antwor„

605 3627 3433 347 tete er, sie hätten's sehr gern, aber sie bekämen's nie,

591 3845 3421 326 und was man nicht habe, solle man nicht  lieben.

612 4032 891 302 Der Philosoph!

738 4245 3237 344 7. Januar: Abmarsch vom Tendaguru-Lager, gegen 6½,

503 4511 3243 227 mit 40-50 Trägern. Es ging sich heut sehr gut u. der

444 4667 3337 234 Weg kam mir recht kurz vor. Auf Janensch's Wunsch
