4324 5213
3709 127 207 176 149

454 176 3408 250 Bezirksamt Auftrag, bei gewissen Jumben 60 Mann zu„

456 312 3654 283 sammen zu bringen u. kann d. Befehl nur erfüllen, in„

484 424 3604 269 dem er nachts die Dörfer durchstreift, und als auch da alle

483 558 3518 282 Leute durch Kinderposten gewarnt in's Pori fliehen,

466 730 3542 282 die Weiber mitschleppt; am nächsten Morgen darf sich

452 863 3645 326 dann Jeder seine bessere Hälfte an d. Station abholen

717 1056 3404 311 — gegen die Verpflichtung sich einschreiben zu lassen!

354 1326 3686 230 Der gesellschaftliche Ton ist hier eben noch ein wenig rauh

428 1395 3687 347 u. wir fallen nicht auf, wenn wir mit Gewalt Träger

428 1578 3483 330 „suchen“. Fahrt nach Mrogoro, ein wenig ungemütlich

480 1744 3346 377 angesichts der täglichen Entgleisungen u. der Tatsache,

455 1906 3659 346 daß d. Luftbremse nicht funktioniert. Sicherheitshalbe besah

466 2145 3329 314 ich mir die Gegend von der Plattform aus, wo sie

499 2283 3485 297 etwas näher war. Sie fesselte mich allerdings ganz:

484 2441 3581 322 Der Anblick des steil aufstrebenden Nordabhangs mit dem

481 2603 3556 331 üppigen Vorlande voller wuchtiger Baobabs war ergrei„

544 2779 3550 343 fend u. mich überkam wieder einmal „Reisestimmung“.

530 2982 3383 326 In Mrogoro gewaltiges Leben am Bahnhof, angeblich aber

558 3187 3576 307 gegen d. Zeit, wo hier Hauptquartier der Baustrecke war,

537 3385 3600 292 erheblich zurück gegangen. Schöne Lage des Eingebornen„

580 3527 3414 316 dorfes mit vielen Rundhütten gegen das imposante

543 3671 3485 339 Gebirge. Wohnung im Hotel. M. Janensch die breite zum

567 3829 3369 305 Bezirksamt hinauf führende Straße hinauf, mußte

574 4072 3464 310 aber allzufrüh umkehren, um Poscho zu verteilen. Mein

556 4261 3232 307 ziemlich verschwiegener Hauptgrund war jedoch der

508 4447 3449 314 schlimme Fuß. Nach d. Abendbrot beim Bier, lernten

547 4576 3572 332 Hrn. Schwartz kennen, der leider grade nach Daressalaam
