4324 5213
3790 172 244 132 47

392 207 3651 230 wie uns ja meist das, was uns auf Schritt u. Tritt um„

407 359 3427 271 giebt, fremder bleibt als was sich dem Auge nur

388 504 1180 290 gelegentlich zeigt.

1869 481 1972 270 Guten Fossilfunde üb. d. Trigonien-Schichten.

667 611 3154 356 Abds. nochmals auf Jagd. Verfolgte grade Rebhühner, als Ali mich

410 768 3540 375 zurückrief an eine Stelle, wo wir - schon im Halbdunkel - eine Herde

418 903 3665 383 großer, schwarzer Tiere vorbeiziehen  sahen. Meine Begleiter waren

472 1062 3330 307 sich erst nicht einig, ob es Gnu's oder Büffel waren. Als sich

410 1174 3518 348 letzteres herausstellte, ergriff ich mit d. Beiden auf d. Gefahr hin

420 1323 3443 329 an Renommee zu verlieren, das Hasenpanier, denn mit

412 1445 3466 326 meinen Schießkünsten ist an Büffeljagd für's Erste nicht zu

392 1603 3613 339 denken. Ein Bulle machte denn auch Miene über den Flußlauf

468 1889 697 156 zu kommen.

598 1825 3440 359 26. Juli: Um den Fossilfundpunkt noch ausbeuten zu können

424 1975 3639 343 u. den Kamm des Mbalawala zu besteigen u. möglichst einen

414 2101 3604 370 Einblick in den weißen Fleck auf d. Karte im Westen zu

425 2278 3690 267 erhalten, um den Trägern u. Boys Ruhe zu gönnen u. waschen

428 2424 3633 334 zu lassen, endlich weil ich ohne Janensch's Erlaubnis nicht

453 2577 3445 334 zu lange bleiben wollte u. den Mbniko doch mehrere

463 2670 3639 352 Tage hätte widmen müssen, ließ ich heut das Lager hier.

421 2841 3664 338 Morgens mit Ali ein wenig auf Jagd. Um 7 mit Führer

426 2986 3472 308 u. Träger die barrabarra rückwärts weit auf das

447 3155 3513 313 Itukuru- (bezw. Mbalawala-, die Grenzen sind schwankend,

411 3312 3473 303 der Teil nach S heißt Liala bis unter den Abhang hin)

413 3448 3696 385 Plateau hinauf, bis wir links an den Fuß des Mbala-

429 3605 3336 323 wala-Rückens gelangen konnten. Hier begann aber

404 3745 3440 336 dichtes Gestrüpp („mwitu“) u. der Anstieg war steil, die

401 3948 3467 302 Luft schwül. Da ich zu meiner Verwunderung und Ent„

402 4120 3550 299 täuschung die fossilleeren roten Makonde-Schichten bis

382 4316 3575 316 hinauf reichen sah, war ich mehrmals daran, um„

401 4407 3550 352 zukehren. Aber die Möglichkeit eine Erstbesteigung vor„

393 4561 3527 358 zunehmen u. d. Hoffnung auf Aussicht nach W. trugen
