4324 5213
325 194 163 167 38

480 190 3384 291 auf mächtigem (2-3 m) Alluvialboden (altes Seebecken?),

468 386 3389 303 halbverbrannte Bananensträucher u. Bohnenstauden;

461 544 3351 301 im Fluße z reichliches Wasser m. 2 Krokodilen, deren

442 735 3561 223 eines in einen hohlen Bauen flüchtete, Rebhühnern,

447 870 3235 252 Ngorombwe u. Perlhühnern; aber nicht zum Schuß

491 1018 3442 336 gekommen. Prachtvolles Bild: hohe, schöne, lebhaft grün

487 1221 3207 295 bis rot gefärbt, weite Flächen, wohl auch guter

515 1415 3306 247 Jagdplatz. Auf d. Rückwege Warzenschwein gesehen,

497 1548 3135 272 als ich eben d. Büchse aus d. Hand gegeben.

616 1672 1983 321 Briefe nach Europa geschrieben.

883 1855 3051 269 17. Juli. Postabgang. Wangoni melden sich zur Arbeit,

481 2058 2314 307 charakteristische Haartracht u. Ohrlöcher

776 2190 3291 302 Abend: 3 Warzenschweine aufgescheucht, nicht getroffen.

588 2436 316 275 Schach.

396 2600 3477 299 Sonntag d. 18. Juli: Vorm. m. Boy Erkundungstour hinter den

541 2781 3420 307 Tendaguru durch abgebrannte Stellen u. dichtes Pori, auf

487 2978 3468 264 Barrabarra zurück. Kann dicht bei einander liegende

465 3088 3486 355 Profile nicht in Einklang bringen. Treffe eine Wangoni-

488 3301 3477 253 Safari m. eigenartigen Speeren, posaunenartiger Trompete

487 3447 3382 337 (Querbläser) u. vielen Lasten stinkenden Elefantenfleischs

536 3580 3499 384 (Hr. d. Poremsky u. d. Eckenbrecher haben bereits je 1 geschossen),

510 3829 3303 309 ihres Essens! Aufnahme gemacht. Dieser Stamm hat an„

528 3899 3471 370 scheinend noch wenig Seßhaftes. Höre, daß d. Stämme

522 4091 3446 338 sehr stark untereinander heiraten, daß d. Mädchen d.

494 4243 3361 293 Mutter-, d. Knaben die Vatersprache lernen. Die

537 4364 3112 387 Unterschiede werden bald verwischt sein, schade!

640 4543 3408 297 Dr. J. findet auf d. Tendag.-Gipfel anstehende Trigonien-Schichten,

521 4765 1981 260 es  wird immer komplizierter.
