4324 5214
348 212 295 188 122

592 192 3226 293 25.I. Koffer gepackt, richtiger gesagt: packen lassen.

1112 360 1572 180 Nachm. Ankunft des Dampfers.

720 417 3170 267 26.I: Vorm: Lasten u. Koffer an Bord gebracht, da wir

558 576 3458 300 schon heut einsteigen müssen u. auch gern einsteigen, um

598 745 3295 324 so Mikindani kennen zu lernen. Gleich nach Tisch

606 843 3283 333 an Bord, um 2 Uhr Abfahrt. An Mikindani vor 6 Uhr in

580 1081 3444 245 kürzester Zeit. Wiederum schöne Bucht hinter gehobenem

565 1190 3402 325 Korallenriff, an einer der die Einfahrt flankierenden

546 1384 3178 293 Landspitzen ein sehr malerisch gelegenes Dorf mit

558 1507 3233 368 prächtigem Affenbrotbaum. Der Hafenort macht von

579 1646 3255 302 weitem den Eindruck einer größeren Stadt der

548 1793 3344 311 vielen eng beisammen liegenden weißen Stein„

584 1942 3458 404 häuser wegen, die jedoch meist von Indern bewohnt

555 2104 3353 433 sind. Negerviertel scharf abgetrennt. Nur 2 Weiße

511 2386 3320 296 ansässig. Die Boma mit hohem Turm burgartig

561 2545 3338 271 auf einer Anhöhe gelegen. Überhaupt in großem

525 2737 3369 313 Stile angelegt (Bezirksamt später nach Lindi ver„

526 2892 3498 290 legt). Kornspeicher, Ställe u. dgl. in schönen Bauten, auch

531 3097 3470 303 das Zollamt ein geschmackvolles Haus im Gegensatz

619 3329 3411 241 zu Lindi. Gleich an Land gefahren, durch d. Ort zur

559 3431 3441 291 Boma gegangen. Leider wurde es dunkel, so daß

564 3599 3407 323 wir nicht mehr auf den Berg hinter der Boma

547 3751 3466 355 steigen konnten, der schöne Aussicht verspricht, auch

547 3980 3276 263 d. Mikindani-Schichten nicht besichtigen konnten.

536 4086 2626 371 Lindi gefällt mir bei weitem besser.

695 4348 3185 232 27.I: morgens mit Tagesgrauen aus d. Bucht,

507 4453 3336 299 vor Lindi auf der Außenrhede d. Post überge„

518 4655 3359 311 nommen, ohne Aufenthalt weiter. See ganz still
