4324 5213
313 204 159 178 90

519 176 3171 291 16. Nov. Vorm. bei d. Rückkehr in's Lager einen Herrn

474 367 3366 273 Bötzow, Pflanzer aus W-Usambara vorgefunden, der sich

488 498 3455 297 mehr als unsere bisherigen Besucher f. d. Grabungen interes„

451 665 3510 283 siert u. 2 Nächte bleiben wird. Ihm d. Gräben gezeigt, sowie

473 855 2160 313 abds. unsere Aussicht vom Tendaguru.

2755 788 1212 217 2 Wangoni-Aufseher degradiert

2633 964 1292 129 wegen einer Prügelei im Lager.

608 1045 3363 240 17 Nov. Unser Besuch läuft alle Gräben ab, photographiert

507 1261 3370 232 u. notiert eifrig. Er lädt uns zur Regenzeit ein, seine

548 1427 2535 230 zweite leerstehende Schamba zu bewohnen.

832 1487 3191 309 In diesen Tagen wieder mehrfach Schwalben gesehen

628 1749 2629 215 18 Nov. Hr. Bötzow marschiert in aller Frühe ab.

567 1875 3337 287 Ein Knochentransport sollte gestern abgehen, aber die Jumben

545 1982 2872 335 lassen uns im Stich, es kommen — 8 Träger!

673 2159 2988 279 19 Nov. Knochentransport mit hauptsächlich eigenen

577 2321 3199 305 Leuten. (75 Lasten) Vorm. Ngorombwe in d. Schamben geschossen

688 2504 3110 280 20. Nov. Poscho-Zahlung. Post fertiggestellt. Janensch

530 2731 3374 283 schreibt an d. Geh. Rat Branco u. fragt mich zuvorkommender

535 2815 3308 270 Weise, wie ich mich zur Frage eines dritten Europäers im

560 2980 3313 328 nächsten Jahre stelle. Ich muß zugeben, daß wir beide mit d.

579 3136 3250 326 Topographieren nicht zu Rande kommen (muß freilich sagen,

564 3320 3255 292 daß dergl. Vorbereitungen vor d. Reise getroffen werden mußten,

559 3497 3286 209 u. glaube, daß ich mich sehr viel umfangreicher vorbereitet hätte)

560 3630 3420 299 Es scheint uns am besten, einen hiesigen Topographen für mehrere

540 3753 3363 264 Wochen zu gewinnen, da ein 3. Geologe uns d. Arbeitser„

566 3933 3372 299 gebnisse beschneidet u. d. Kosten d. Ausrüstung u. Herreise nicht

588 4137 852 178 lohnen würden.

684 4259 3193 253 Sonntag d. 21 Nov: Morgens wieder Knochentrans„

512 4404 3302 342 port (30 Mann), daher nicht zur Barappijagd gekommen.

531 4631 3320 286 Nachher durch d. Schamben gestreift, aber wieder ohne Erfolg.
