4324 5213
3852 200 184 144 61

428 227 3541 264 Erosion! Starke Aushöhlungen in bestimmter Höhe an der Ufer„

416 359 3568 258 wand wiesen auf einen Wasserhorizont hin, da die Strömung sie

450 552 3424 230 in diesen Formen u. dieser Richtung nicht schaffen könnte.

419 738 3436 293 Eine Schar Meerkatzen in dichten hängenden Lianen zwischen

420 960 3523 228 schönen hohen Bäumen. Ein schöner schwarz-weißer Raubvogel mit

459 1090 3382 205 rotem Schnabel u. Fängen, Adler? Auf dem Rückweg etwas

434 1262 3646 198 anders gegangen, kam durch Mtapaia, eine so echt ursprüng„

429 1408 3341 265 liche Negerpflanzung, daß ich mich von dem Bilde kaum

420 1602 3414 185 fortreißen mochte. Ein armselig dem Pori abgerungener Ort mit

401 1707 3542 231 abgeerntetem Mtama zwischen kahlen Baumstämmen, auf kleinen

392 1835 3606 336 Anhöhen die elenden Lehmhütten u. d. schwarzen Gestalten, die in

416 2004 3539 329 ihrer Arbeit innehielten, das fremde Wunder zu sehen. Ein

415 2240 3687 187 aufspringendes Ngorombwe führte mich ganz zufällig zu einem

407 2375 3532 263 guten Knochenfund, der gute Grabungserfolge verheißt. Auch in

413 2593 3624 175 den Gräben heut Erfreuliches: an der Nordstelle ein Bein- u. zwei

388 2723 3428 223 Fußknochen, bei d. Wirbelsäule nahe dem Lager eine Hautplatte

377 2877 3432 249 außer der Scapula, am Wege n. Lindi ein zweites sehr hübsches

358 3015 3501 216 Sacrum einer kleinen Form u. in Graben II Kopfende eines

365 3207 3665 229 ungeheuren Femurs, das bloszulegen mindestens 14 Tage erfordern

363 3328 3318 253 wird. Seltsamerweise scheinen meist 2 Skelette (zum Glück von

364 3508 3428 207 verschiedenen Typen durcheinandergeworfen zu sein. Auch bei

358 3672 1430 217 Skelett A neue Halswirbel.

516 3858 2317 284 Nachm. Fossilfunde der letzten Tage gesichtet.

487 4085 3424 234 Abend: mit Janensch an d. Plateaurand links vom Abstiegs„

392 4219 2272 285 wege, prächtiger Blick, Sonnenuntergang.

590 4372 3392 267 27. Aug: Im Lager, d. h. im Bereich der Gräben geblieben, wäh„

370 4598 3651 258 rend Janensch d. Knochenfund von Mtapaia besichtigt. Im Graben

369 4745 3364 272 VIII kommt ein 2 m. langes, ungeheuerliches Pubis zum Vorschein,
