4324 5213
3716 205 183 110 87

610 224 3312 176 8 Nov. Wollte heut nach Mtapaia, aber eine Beratung mit

541 404 3475 233 Janensch hielt mich zu lange fest. Ich unterdrücke ein Gefühl

553 509 3509 213 des Unbehagens, daß ich schon wieder gehemmt werde. Bin

533 612 3296 305 ich reizbar geworden? Einen Einfluß auf d. Nerven

559 759 3428 329 will ich den Tropen nie, nie gestatten! Aber Janensch

561 896 3513 336 ließ auch vor einiger Zeit bereits die Vermutung ver„

565 1103 3434 219 lauten, daß wir mit dem diesjährigen Knochentransport

513 1268 3522 272 „nicht mehr fertig werden“ würden. Dies Wort wünsche

517 1364 3577 293 ich nicht in mein Vokabular zu übernehmen. Noch mehr

532 1525 3558 353 überraschte mich aber heut die Äußerung, daß wir im

563 1793 3562 276 nächsten Jahre einen dritten Europäer brauchen würden.

533 1905 3638 319 Mit dem jetzt geschulten Menschenmaterial u. unsern vielen

507 2103 3544 217 trefflichen Aufsehern hätte ich nach d. Erfahrungen dieser

543 2263 3606 269 letzten 18 Tage geglaubt, im Notfalle allein „fertig zu werden“,

536 2396 3416 294 und meine Privatpläne nebenher besser fördern zu

552 2625 3430 233 können. Aber kann ich widersprechen, nachdem er mir

548 2705 3451 361 oft gesagt hat, ich sei ein kritischer Widerspruchsgeist? Und

564 2940 3597 194 müßte ich ihm nicht sagen, daß d. 3te Weiße durch gelegent„

341 3068 3760 286 liches Auslassen der Vormittags-Zeitungslektüre u., wenn möglich,

474 3210 3629 282 des Vor- u. Nachmittagsschlafes zu ersetzen wäre? Er ist der

479 3391 3560 266 Leiter und hat zu bestimmen; er wird übrigens dabei

513 3548 3541 295 auch von dem Gedanken geleitet, daß die geolog. Aufnah„

510 3733 3615 254 me mehr gefördert werden müsse. Wenn ich die etwa

485 3915 3554 277 erhalten könnte, so wären meine persönlichen Wünsche

506 4112 3416 290 sehr gefördert, ich könnte dann sogar vielleicht viel

530 4241 3372 334 allein sein. Aber für d. Expedition erscheint mir die

513 4434 3473 250 Ausgabe, die ein Dritter verursachen würde, überflüssig.

887 4625 2913 237 Meinem Boy Sefu kündige ich, was schon lange
