4324 5213
273 258 191 177 102

443 253 3504 198 auf einen Haufen stehen, ist beschämend, daß sie aber

435 391 3619 274 nicht die geringste Notiz von mir nehmen, ist die reine

445 527 3572 250 Niedertracht. Neu geladen, näher heran: Knall! Knall!

462 683 3529 242 Knall! Sie sind wieder ein Stück vorgetrabt, bleiben

469 892 3511 223 aber stehen. Die Patronen sind zu Ende. Der Führer wird

468 994 3371 277 mit ausführlichen Weisungen zurückgeschickt, die Tiere

554 1170 3239 212 kümmern sich um nichts. Als aber mein Ali garzu

497 1326 3585 307 sorglos mit seiner grellroten Mütze herumspaziert, traben

473 1438 3540 310 sie endlich doch ab. Einige scheinen zu hinken (das Sehen

496 1628 3419 283 ist erstaunlich erschwert), aber sie traben auch. Jetzt geh ich

517 1785 3416 325 heran u. meine, es müssen 1 od. 2 Stück gefallen sein,

509 1929 3514 298 aber nichts, nicht ein Bluttropfen. Mir war dies Hinein„

530 2106 3486 326 knallen schon ekelhaft, da ich bei d. geringsten Bewe„

523 2254 3445 336 gung nicht mehr erkennen konnte, auf welches Tier ich

528 2388 3400 373 gezielt hatte u. welches demnach wenigstens ange„

518 2581 3505 342 schossen sein konnte, nein mußte! 8 Kugeln u. kein

562 2767 3348 305 Treffer?, dazu fühle ich mich denn doch zu sicher. Es

495 2910 3348 282 dauerte endlos, bis Nachfuhr kam. Nun konnten wir

502 3054 3424 333 des Windes wegen den Spuren nicht direkt folgen u.

526 3236 3518 351 verfehlten die Herde. Nach weitem Umherirren sah mein

571 3390 3361 312 Führer mit seinem unfehlbaren Blick auf d. Rückwege

539 3574 3359 276 d. Herde wieder im Schatten eines Baumes unweit

591 3739 3247 317 der ersten Stelle. Kaum vermochte ich mit Mühe zu

574 3960 3402 171 erkennen, daß sie in Parade nebeneinander standen

547 4092 3406 285 und — mir die Hinterfront zukehrten. Also möglichst

547 4229 3442 340 schlechtes Schußfeld, aber jetzt mußten sie scheu sein u.

587 4395 3406 296 Ali, der noch abseits suchte, konnte sie jeden Augen„

582 4556 3464 239 blick verscheuchen. Also Knall! Sie sprangen aus d. Schatten,

587 4718 3174 276 aber standen womöglich noch schlechter hinter Busch u.
