4324 5213
352 279 258 162 116

637 190 3263 379 aus sachlichen „Bedenken“. Er hat sogar Zeppelin

609 437 3372 328 vorgeworfen, daß er nicht „vorsichtig“ genug gear„

618 580 3380 284 beitet habe. Wo wären unsere Luftschiffe bei solchem

626 779 2378 323 Ballast! Poscho- u. Lohnzahlung.

945 921 2897 333 Sylwester durch Sekt u. Gänseleberpastete beim

662 1057 3244 362 Abendbrot angedeutet. Wie immer um 8 zu Bett„

882 1375 3070 391 Das alte Jahr verlasse ich mit herzlichem Dank.

674 1589 3170 363 Ich habe wieder eine ganze Reihe neuer Segel

692 1730 3368 380 aufspannen können u. guten Wind, echten schönen

691 1944 3314 331 Seewind hineinbekommen. Alles ist nach Wunsch

698 2108 3211 322 gegangen, viele Erwartungen sind weit über„

661 2272 3260 305 troffen worden. Daß bei so starker Aufnahmetätig„

672 2460 3256 322 keit die Produktion gering war, ist vielleicht kein

732 2597 3141 361 Schade, obwohl es auf mir lastet. Auch meine

761 2757 3023 373 Brüder haben neue Wege eingeschlagen u.

730 3043 3157 238 sind zufrieden. Die Meinen werde ich im neuen

739 3170 3155 295 Jahre noch nicht wieder sehen, doch sehe ich ihm

746 3320 3160 342 mit freudigem Vertrauen entgegen u. erhoffe

746 3481 2431 362 auch alles Glück u. Gute für Jene.
