4324 5213
3850 218 106 107 3

445 190 3478 307 Vögel darauf, genannt. „Tölpel“ (Kein Abbau) Die Zahl der

412 386 2064 276 sichtbaren Vögel weniger groß.

532 555 3562 252 25.III. Küste von Aden u. westl. davon in einzelne, eine

400 748 3485 190 lange Kette bildende Anhöhen von beträchtlicher Größe u.

435 908 3632 188 Steilheit zerfallend, gleich dahinter wieder ganz ebenes

410 1028 3535 217 Land, erst am fernen Horizonte, kaum sichtbar weitere

425 1197 3489 218 Gebirgszüge. Wieder deutliche, auf Sedimente hinweisende

399 1316 3307 262 Schichtung mit Hauptfallen nach W., stellenweise in

411 1425 3602 224 abgebrochenen Schollen steiler, an einer Stelle überschoben

442 1570 3550 281 oder durch Lava-Erguß schief abgeschnitten. Viel sichtlich vul„

418 1708 3657 262 kanisches Material. Gänzlich vegetationslos. Zerfallsschutt als

394 1882 3721 242 Dünensand dem Fuße angeschmiegt und Wüstenmaterial

393 2063 3642 277 dahinter liefernd. (Ansiedelung od. Nomadenhütten auf einer

402 2215 1259 297 größeren Sandfläche)

666 2302 3387 287 In Aden selbst zu großen Höhen in mehrfachen Rücken

426 2550 3543 209 übereinander getürmt (nach der See zu einige lange,

400 2658 3684 315 scharfe, wenig hohe Grate auslaufend.) Zu unserm Erstau„

417 2810 3692 308 nen nur vulkanisches Material zu finden u. der Farbe

398 3008 3721 192 nach somit für d. gesamten Höhen anzunehmen. Wiederum

394 3156 3465 278 deutliche Schichtung, sodaß erst jetzt Zweifel an d. vorher

400 3295 3460 278 erwähnten Sedimenten. Junge Laven, stellenweise als

425 3457 3586 294 festes G, dichtes Gestein. An d. Straße vom Hafenort zur

389 3682 3628 239 Stadt treten unter den gewaltigen Ergußmassen dichte

416 3874 3502 163 erfüllte Muschel- und Schneckenbänke heraus mit kaum

394 3968 3251 295 subrezent zu nennenden großen Formen (Taxodonta u.

363 4153 3707 269 z. T. die Klappen noch in ursprüngl. geschlossenem Zusammenhang,

357 4284 3763 257 keine Zerstörungen, keine Kontakterscheinung. Also wohl Erguß

387 4501 3629 194 in's Meer (nicht aus d. Meer, sondern auf Küstenfazies) Noch in

386 4671 2451 261 historischer Zeit? Alte Anlage der Wasserwerke

2755 4762 124 52 in

2837 4654 1229 170 bereits fertig gebilde„

405 4789 562 228 tem Tal.
