<?xml version="1.0" encoding="UTF-8"?>
<alto xmlns:xsi="http://www.w3.org/2001/XMLSchema-instance"
      xmlns="http://www.loc.gov/standards/alto/ns-v2#"
      xmlns:page="http://schema.primaresearch.org/PAGE/gts/pagecontent/2013-07-15"
      xsi:schemaLocation="http://www.loc.gov/standards/alto/ns-v2# http://www.loc.gov/standards/alto/alto.xsd">
   <Description>
      <MeasurementUnit>pixel</MeasurementUnit>
      <OCRProcessing ID="IdOcr">
         <ocrProcessingStep>
            <processingDateTime>2021-02-02T09:45:56.236+01:00</processingDateTime>
            <processingSoftware>
               <softwareCreator>READ COOP</softwareCreator>
               <softwareName>Transkribus</softwareName>
            </processingSoftware>
         </ocrProcessingStep>
      </OCRProcessing>
   </Description>
   <Layout>
      <Page ID="Page1" PHYSICAL_IMG_NR="1" HEIGHT="5213" WIDTH="4324">
         <TopMargin HEIGHT="0" WIDTH="4324" VPOS="0" HPOS="0"/>
         <LeftMargin HEIGHT="5213" WIDTH="0" VPOS="0" HPOS="0"/>
         <RightMargin HEIGHT="5213" WIDTH="0" VPOS="0" HPOS="4324"/>
         <BottomMargin HEIGHT="0" WIDTH="4324" VPOS="5213" HPOS="0"/>
         <PrintSpace HEIGHT="5213" WIDTH="4324" VPOS="0" HPOS="0">
            <TextBlock ID="TextRegion_1582889549663_2532"
                       HEIGHT="4678"
                       WIDTH="3613"
                       VPOS="243"
                       HPOS="382">
               <Shape>
                  <Polygon POINTS="382,243 402,243 3995,388 3995,4921 461,4921 382,395"/>
               </Shape>
               <TextLine ID="r1l1"
                         BASELINE="382"
                         HEIGHT="148"
                         WIDTH="155"
                         VPOS="234"
                         HPOS="356">
                  <String ID="string_r1l1"
                          HEIGHT="148"
                          WIDTH="155"
                          VPOS="234"
                          HPOS="356"
                          CONTENT="76"/>
               </TextLine>
               <TextLine ID="line_1582889566676_2539"
                         BASELINE="586"
                         HEIGHT="311"
                         WIDTH="3382"
                         VPOS="275"
                         HPOS="482">
                  <String ID="string_line_1582889566676_2539"
                          HEIGHT="311"
                          WIDTH="3382"
                          VPOS="275"
                          HPOS="482"
                          CONTENT="4 Oct: Morgens in d. Schamben Puduka geschossen. Mir fällt auf,"/>
               </TextLine>
               <TextLine ID="line_1582889581728_2548"
                         BASELINE="705"
                         HEIGHT="195"
                         WIDTH="1613"
                         VPOS="510"
                         HPOS="572">
                  <String ID="string_line_1582889581728_2548"
                          HEIGHT="195"
                          WIDTH="1613"
                          VPOS="510"
                          HPOS="572"
                          CONTENT="daß die Weibchen von Puduka"/>
               </TextLine>
               <TextLine ID="r2l3"
                         BASELINE="593"
                         HEIGHT="121"
                         WIDTH="490"
                         VPOS="472"
                         HPOS="1767">
                  <String ID="string_r2l3"
                          HEIGHT="121"
                          WIDTH="490"
                          VPOS="472"
                          HPOS="1767"
                          CONTENT="Mbawala"/>
               </TextLine>
               <TextLine ID="line_1582889581727_2547"
                         BASELINE="697"
                         HEIGHT="225"
                         WIDTH="1734"
                         VPOS="472"
                         HPOS="2140">
                  <String ID="string_line_1582889581727_2547"
                          HEIGHT="225"
                          WIDTH="1734"
                          VPOS="472"
                          HPOS="2140"
                          CONTENT="u. Barappi Gehörn tragen, von"/>
               </TextLine>
               <TextLine ID="line_1582889595980_2556"
                         BASELINE="889"
                         HEIGHT="243"
                         WIDTH="1175"
                         VPOS="646"
                         HPOS="548">
                  <String ID="string_line_1582889595980_2556"
                          HEIGHT="243"
                          WIDTH="1175"
                          VPOS="646"
                          HPOS="548"
                          CONTENT="Ngorombwe u. Puduka"/>
               </TextLine>
               <TextLine ID="r2l6"
                         BASELINE="733"
                         HEIGHT="130"
                         WIDTH="499"
                         VPOS="603"
                         HPOS="1313">
                  <String ID="string_r2l6"
                          HEIGHT="130"
                          WIDTH="499"
                          VPOS="603"
                          HPOS="1313"
                          CONTENT="Mbawala"/>
               </TextLine>
               <TextLine ID="line_1582889595980_2555"
                         BASELINE="840"
                         HEIGHT="216"
                         WIDTH="1446"
                         VPOS="624"
                         HPOS="1678">
                  <String ID="string_line_1582889595980_2555"
                          HEIGHT="216"
                          WIDTH="1446"
                          VPOS="624"
                          HPOS="1678"
                          CONTENT="dagegen nicht. Oder irre ich?"/>
               </TextLine>
               <TextLine ID="r2l8"
                         BASELINE="966"
                         HEIGHT="184"
                         WIDTH="3193"
                         VPOS="782"
                         HPOS="693">
                  <String ID="string_r2l8"
                          HEIGHT="184"
                          WIDTH="3193"
                          VPOS="782"
                          HPOS="693"
                          CONTENT="Im Quell-Bachbett (Doanika) die Schiefersandsteine mit schön er„"/>
               </TextLine>
               <TextLine ID="r2l9"
                         BASELINE="1188"
                         HEIGHT="297"
                         WIDTH="2463"
                         VPOS="891"
                         HPOS="545">
                  <String ID="string_r2l9"
                          HEIGHT="297"
                          WIDTH="2463"
                          VPOS="891"
                          HPOS="545"
                          CONTENT="haltenen u. zahlreichen Fossilien ausgebeutet."/>
               </TextLine>
               <TextLine ID="r2l10"
                         BASELINE="1294"
                         HEIGHT="275"
                         WIDTH="3299"
                         VPOS="1019"
                         HPOS="657">
                  <String ID="string_r2l10"
                          HEIGHT="275"
                          WIDTH="3299"
                          VPOS="1019"
                          HPOS="657"
                          CONTENT="Stanley „Wie ich Livingstone fand“ begonnen. Der Inhalt ist, was"/>
               </TextLine>
               <TextLine ID="line_1582889611451_2564"
                         BASELINE="1520"
                         HEIGHT="279"
                         WIDTH="3207"
                         VPOS="1241"
                         HPOS="557">
                  <String ID="string_line_1582889611451_2564"
                          HEIGHT="279"
                          WIDTH="3207"
                          VPOS="1241"
                          HPOS="557"
                          CONTENT="ich suchte, Stil u. Darstellung sind kunstlos u. enttäuschen."/>
               </TextLine>
               <TextLine ID="r2l13"
                         BASELINE="1677"
                         HEIGHT="213"
                         WIDTH="3499"
                         VPOS="1464"
                         HPOS="484">
                  <String ID="string_r2l13"
                          HEIGHT="213"
                          WIDTH="3499"
                          VPOS="1464"
                          HPOS="484"
                          CONTENT="5 Oct. Im Doanika-Bach geklopft, erbeute einen großen Zahn, den"/>
               </TextLine>
               <TextLine ID="r2l14"
                         BASELINE="1872"
                         HEIGHT="243"
                         WIDTH="2050"
                         VPOS="1629"
                         HPOS="551">
                  <String ID="string_r2l14"
                          HEIGHT="243"
                          WIDTH="2050"
                          VPOS="1629"
                          HPOS="551"
                          CONTENT="Janensch als Crocodilier erkennt"/>
               </TextLine>
               <TextLine ID="r2l15"
                         BASELINE="2061"
                         HEIGHT="244"
                         WIDTH="3469"
                         VPOS="1817"
                         HPOS="437">
                  <String ID="string_r2l15"
                          HEIGHT="244"
                          WIDTH="3469"
                          VPOS="1817"
                          HPOS="437"
                          CONTENT="6. Oct. Vorm. mit Ali nach Mtapaia, neue Knochenfunde zu"/>
               </TextLine>
               <TextLine ID="r2l16"
                         BASELINE="2201"
                         HEIGHT="218"
                         WIDTH="3231"
                         VPOS="1983"
                         HPOS="541">
                  <String ID="string_r2l16"
                          HEIGHT="218"
                          WIDTH="3231"
                          VPOS="1983"
                          HPOS="541"
                          CONTENT="besichtigen. Wurde erst - übrigens zu meiner Freude, da"/>
               </TextLine>
               <TextLine ID="r2l17"
                         BASELINE="2354"
                         HEIGHT="277"
                         WIDTH="3440"
                         VPOS="2077"
                         HPOS="522">
                  <String ID="string_r2l17"
                          HEIGHT="277"
                          WIDTH="3440"
                          VPOS="2077"
                          HPOS="522"
                          CONTENT="interessante Bilder - durch den „Ort“, d. h. einige Strecken von"/>
               </TextLine>
               <TextLine ID="r2l18"
                         BASELINE="2547"
                         HEIGHT="277"
                         WIDTH="3357"
                         VPOS="2270"
                         HPOS="533">
                  <String ID="string_r2l18"
                          HEIGHT="277"
                          WIDTH="3357"
                          VPOS="2270"
                          HPOS="533"
                          CONTENT="Pflanzungen getrennt durch unbebautes Pori bis zum"/>
               </TextLine>
               <TextLine ID="r2l19"
                         BASELINE="2690"
                         HEIGHT="211"
                         WIDTH="3396"
                         VPOS="2479"
                         HPOS="510">
                  <String ID="string_r2l19"
                          HEIGHT="211"
                          WIDTH="3396"
                          VPOS="2479"
                          HPOS="510"
                          CONTENT="Karani geführt. Auf d. Wege Schwelle mit großen Expl. v."/>
               </TextLine>
               <TextLine ID="r2l20"
                         BASELINE="2867"
                         HEIGHT="297"
                         WIDTH="3422"
                         VPOS="2570"
                         HPOS="512">
                  <String ID="string_r2l20"
                          HEIGHT="297"
                          WIDTH="3422"
                          VPOS="2570"
                          HPOS="512"
                          CONTENT="Trigonia Beyschlagii. Die Schwarzen hatten sie wohl gesehen, aber"/>
               </TextLine>
               <TextLine ID="r2l21"
                         BASELINE="2953"
                         HEIGHT="226"
                         WIDTH="3365"
                         VPOS="2727"
                         HPOS="532">
                  <String ID="string_r2l21"
                          HEIGHT="226"
                          WIDTH="3365"
                          VPOS="2727"
                          HPOS="532"
                          CONTENT="nie beachtet: „vitu tu bass“. Beim Karani photographierte ich den"/>
               </TextLine>
               <TextLine ID="r2l22"
                         BASELINE="3188"
                         HEIGHT="338"
                         WIDTH="3305"
                         VPOS="2850"
                         HPOS="514">
                  <String ID="string_r2l22"
                          HEIGHT="338"
                          WIDTH="3305"
                          VPOS="2850"
                          HPOS="514"
                          CONTENT="Hof mit bienenstockähnlichen Kornspeichern. Man führte mich"/>
               </TextLine>
               <TextLine ID="r2l23"
                         BASELINE="3318"
                         HEIGHT="326"
                         WIDTH="3403"
                         VPOS="2992"
                         HPOS="557">
                  <String ID="string_r2l23"
                          HEIGHT="326"
                          WIDTH="3403"
                          VPOS="2992"
                          HPOS="557"
                          CONTENT="nach W. weiter. Fundstelle im Pori mäßig, ein Baumstück"/>
               </TextLine>
               <TextLine ID="r2l24"
                         BASELINE="3453"
                         HEIGHT="316"
                         WIDTH="3274"
                         VPOS="3137"
                         HPOS="550">
                  <String ID="string_r2l24"
                          HEIGHT="316"
                          WIDTH="3274"
                          VPOS="3137"
                          HPOS="550"
                          CONTENT="nahm ich mit. Wollte schon umkehren, da spät u. heiß, hörte"/>
               </TextLine>
               <TextLine ID="r2l25"
                         BASELINE="3548"
                         HEIGHT="295"
                         WIDTH="3267"
                         VPOS="3253"
                         HPOS="560">
                  <String ID="string_r2l25"
                          HEIGHT="295"
                          WIDTH="3267"
                          VPOS="3253"
                          HPOS="560"
                          CONTENT="aber, d. 2. Fundplatz sei nicht weit u. ging. An 11 Mann"/>
               </TextLine>
               <TextLine ID="r2l26"
                         BASELINE="3790"
                         HEIGHT="355"
                         WIDTH="3344"
                         VPOS="3435"
                         HPOS="535">
                  <String ID="string_r2l26"
                          HEIGHT="355"
                          WIDTH="3344"
                          VPOS="3435"
                          HPOS="535"
                          CONTENT="hatten sich mir allmählich angeschlossen u. schwatzten laut."/>
               </TextLine>
               <TextLine ID="r2l27"
                         BASELINE="3903"
                         HEIGHT="266"
                         WIDTH="3326"
                         VPOS="3637"
                         HPOS="538">
                  <String ID="string_r2l27"
                          HEIGHT="266"
                          WIDTH="3326"
                          VPOS="3637"
                          HPOS="538"
                          CONTENT="Auf eine Affenschar schoß ich, da sprang ein Mbawala auf."/>
               </TextLine>
               <TextLine ID="r2l28"
                         BASELINE="4060"
                         HEIGHT="233"
                         WIDTH="3271"
                         VPOS="3827"
                         HPOS="522">
                  <String ID="string_r2l28"
                          HEIGHT="233"
                          WIDTH="3271"
                          VPOS="3827"
                          HPOS="522"
                          CONTENT="Ich schoß schnell, um es nicht durch d. Menge aufscheuchen zu"/>
               </TextLine>
               <TextLine ID="r2l29"
                         BASELINE="4211"
                         HEIGHT="258"
                         WIDTH="3466"
                         VPOS="3953"
                         HPOS="550">
                  <String ID="string_r2l29"
                          HEIGHT="258"
                          WIDTH="3466"
                          VPOS="3953"
                          HPOS="550"
                          CONTENT="lassen, traf aber zum Glück (im Angesicht so vieler Eingeborner)"/>
               </TextLine>
               <TextLine ID="r2l30"
                         BASELINE="4386"
                         HEIGHT="207"
                         WIDTH="3359"
                         VPOS="4179"
                         HPOS="543">
                  <String ID="string_r2l30"
                          HEIGHT="207"
                          WIDTH="3359"
                          VPOS="4179"
                          HPOS="543"
                          CONTENT="gut. Wieder wurde mir erzählt, daß d. Paviane Verwun„"/>
               </TextLine>
               <TextLine ID="r2l31"
                         BASELINE="4476"
                         HEIGHT="194"
                         WIDTH="3348"
                         VPOS="4282"
                         HPOS="528">
                  <String ID="string_r2l31"
                          HEIGHT="194"
                          WIDTH="3348"
                          VPOS="4282"
                          HPOS="528"
                          CONTENT="dete u. Tote forttragen u. vergraben oder wegwerfen."/>
               </TextLine>
               <TextLine ID="r2l32"
                         BASELINE="4651"
                         HEIGHT="207"
                         WIDTH="3472"
                         VPOS="4444"
                         HPOS="488">
                  <String ID="string_r2l32"
                          HEIGHT="207"
                          WIDTH="3472"
                          VPOS="4444"
                          HPOS="488"
                          CONTENT="Ich weiß nicht, ob ich getroffen hatte, konnte so aber den Schein"/>
               </TextLine>
               <TextLine ID="r2l33"
                         BASELINE="4794"
                         HEIGHT="240"
                         WIDTH="3368"
                         VPOS="4554"
                         HPOS="486">
                  <String ID="string_r2l33"
                          HEIGHT="240"
                          WIDTH="3368"
                          VPOS="4554"
                          HPOS="486"
                          CONTENT="wahren. Die andre Knochenstelle schien einigermaßen aus„"/>
               </TextLine>
               <TextLine ID="r2l34"
                         BASELINE="4991"
                         HEIGHT="278"
                         WIDTH="3501"
                         VPOS="4713"
                         HPOS="476">
                  <String ID="string_r2l34"
                          HEIGHT="278"
                          WIDTH="3501"
                          VPOS="4713"
                          HPOS="476"
                          CONTENT="sichtsvoll, sie lagen mitten in einer Schamba dicht am Hause."/>
               </TextLine>
            </TextBlock>
         </PrintSpace>
      </Page>
   </Layout>
</alto>
