4324 5213
417 184 112 170 58

446 228 3380 293 Knochen herausgewittert sind, nimmt Janensch

430 396 3475 307 zu meiner Freude jetzt mit je 2-3 Mann in

437 582 3378 301 Angriff in d. richtigen Erkenntnis, daß bei dem

437 696 3422 357 hiesigen Tempo der Zeit es leicht plötzlich zu

423 920 1174 302 spät sein könnte.

540 1039 3274 298 18 Aug. Morgens allein auf d. Tendaguru. Starker

385 1235 3372 261 Wind, die Luftschwankungen bleiben sich aber

423 1457 3447 235 täglich so lächerlich gleich, daß sich die Kurve der

467 1626 3496 248 vorigen Woche mit der heut gestern neu begon„

488 1792 3192 248 nenen fast vollkommen deckt. Unweit des

497 1977 2984 313 Lagers wurde eine Elen-Antilope gesehen.

575 2235 3324 208 19. Aug. Die Barappis werden mittags um 12 am Wege nach

464 2383 1874 276 Lindi gemeldet. Vergebliche Streife.

224 2535 3612 297 Sonntag 22. Aug: Morgens zur Verfolgung der Barappi's aufgebrochen.

447 2652 3509 305 Weit über den Maimbui hinaus. Nach vielleicht 5 Std. kam ich zum

466 2807 3510 301 Schuß, wollte Hals treffen, da Blatt durch einen Baum verdeckt,

481 2966 2923 326 traf aber natürlich doch den Baum. Um 12¼ zurück.

635 3081 3328 393 20. Aug. Barappi's verfolgt über Maimbui hinaus, aber Spuren

525 3299 2855 295 bald verloren, schoß zwei starke Warzenschweine.

639 3384 3280 363 21. Aug. Viel feiner Regen u. kühle Temperatur (morgens

468 3569 3438 357 8 Uhr 27°, um 12 Uhr 22°). Recht gemütlich, wie auf Sommer„

464 3868 402 265 frische.

697 4055 3283 293 Nachm. Gobineau „asiatische Novellen“ ausgelesen, die mir daheim

457 4204 3297 303 kaum behagen würden. Doch imponierte mir sehr seine in

471 4409 3253 250 der Einführung gut geschilderte Lebensgeschichte. Zu meiner

467 4514 3452 342 Verwunderung finde ich in ihm den Vater des Chamber-

483 4674 3403 313 lain'schen Hauptgedankens u. meine, daß Ch. das mehr hätte
