4324 5213
3797 232 216 176 15

439 263 3237 292 im Gebiet d. Anstehenden überwiegend Sande,

457 387 3491 350 oft von Graphit u. Biotit schwarz u. dann sehr

438 576 3577 325 feinkörnig, manchmal durch Feldspäte rötlich oder

459 816 3533 251 durch Quarze noch heller gefärbt u. in diesen

465 931 628 236 Fällen

826 1083 362 174 wenig

1047 987 2981 262 gröber. Nacht bei einem Jumben vor

445 1160 3461 327 Namwiranye (½ 10). Dorthin durch sehr frucht„

447 1348 3408 297 bare, aber nasse Niederung mit Mtama,

490 1556 3540 316 Mais, Reis u. Bananen, gelegen zwischen

516 1713 3520 381 2 Anhöhen, auf denen strahlige, grüne Minera„

502 1919 3409 290 lien Actinolith?) vorkommen sollen (n. Sattler).

486 2121 3493 302 Auf eine 3te Anhöhe (niedriger) vor uns zum

499 2317 3314 333 Lagerplatz. Große Freude einiger Bewohner

520 2499 3514 300 beim Wiedersehen Sattlers, ein Greis hüpfte

473 2723 3510 295 u. sang vor Freude. In der Mbenkuru-Senke

434 2863 3410 376 (nicht - Ebene, wie ich erwartet hatte, da die

452 3101 3572 249 vielen kleinen Rücken meist etwa senkrecht

455 3334 3518 288 auf d. Fluß streichen) sehr viel hübsche, ja z. T.

431 3527 3599 271 aristokratische Gesichter. Das Laub heut zum ersten

434 3634 3431 267 Mal u. zwar häufig in herbstlichen Farben, d.

472 3785 3566 346 Blätter beginnen zu fallen - am 1. Mai. Sehr

504 3975 2853 331 heiß. Nachm. erster Regen seit 8 Tagen.

705 4210 3207 323 2. Mai, Sonntag. Gegen 7 Träger zum Jumben von

448 4442 3479 268 Ntondo vorausgeschickt. Ich mit Sattler zu dem früher

449 4548 3479 317 von ihm (Lindi-Schürfgesellsch.) angelegten Graphit-
