<?xml version="1.0" encoding="UTF-8"?>
<alto xmlns:xsi="http://www.w3.org/2001/XMLSchema-instance"
      xmlns="http://www.loc.gov/standards/alto/ns-v2#"
      xmlns:page="http://schema.primaresearch.org/PAGE/gts/pagecontent/2013-07-15"
      xsi:schemaLocation="http://www.loc.gov/standards/alto/ns-v2# http://www.loc.gov/standards/alto/alto.xsd">
   <Description>
      <MeasurementUnit>pixel</MeasurementUnit>
      <OCRProcessing ID="IdOcr">
         <ocrProcessingStep>
            <processingDateTime>2021-02-02T09:45:45.933+01:00</processingDateTime>
            <processingSoftware>
               <softwareCreator>READ COOP</softwareCreator>
               <softwareName>Transkribus</softwareName>
            </processingSoftware>
         </ocrProcessingStep>
      </OCRProcessing>
   </Description>
   <Layout>
      <Page ID="Page1" PHYSICAL_IMG_NR="1" HEIGHT="5213" WIDTH="4324">
         <TopMargin HEIGHT="0" WIDTH="4324" VPOS="0" HPOS="0"/>
         <LeftMargin HEIGHT="5213" WIDTH="0" VPOS="0" HPOS="0"/>
         <RightMargin HEIGHT="5213" WIDTH="0" VPOS="0" HPOS="4324"/>
         <BottomMargin HEIGHT="0" WIDTH="4324" VPOS="5213" HPOS="0"/>
         <PrintSpace HEIGHT="5213" WIDTH="4324" VPOS="0" HPOS="0">
            <TextBlock ID="r2" HEIGHT="4826" WIDTH="3716" VPOS="199" HPOS="371">
               <Shape>
                  <Polygon POINTS="371,199 371,5025 4087,5025 4087,199"/>
               </Shape>
               <TextLine ID="line_1582887905585_2035"
                         BASELINE="209"
                         HEIGHT="68"
                         WIDTH="172"
                         VPOS="141"
                         HPOS="3565">
                  <String ID="string_line_1582887905585_2035"
                          HEIGHT="68"
                          WIDTH="172"
                          VPOS="141"
                          HPOS="3565"
                          CONTENT="49"/>
               </TextLine>
               <TextLine ID="r2l1"
                         BASELINE="449"
                         HEIGHT="201"
                         WIDTH="3688"
                         VPOS="248"
                         HPOS="349">
                  <String ID="string_r2l1"
                          HEIGHT="201"
                          WIDTH="3688"
                          VPOS="248"
                          HPOS="349"
                          CONTENT="viel Fossilien gesammelt, aber meist gleiche Formen gebracht"/>
               </TextLine>
               <TextLine ID="r2l2"
                         BASELINE="639"
                         HEIGHT="293"
                         WIDTH="3545"
                         VPOS="346"
                         HPOS="377">
                  <String ID="string_r2l2"
                          HEIGHT="293"
                          WIDTH="3545"
                          VPOS="346"
                          HPOS="377"
                          CONTENT="u. damit meine Erwartungen nicht erfüllt. Ausgesucht."/>
               </TextLine>
               <TextLine ID="r2l3"
                         BASELINE="770"
                         HEIGHT="239"
                         WIDTH="3609"
                         VPOS="531"
                         HPOS="379">
                  <String ID="string_r2l3"
                          HEIGHT="239"
                          WIDTH="3609"
                          VPOS="531"
                          HPOS="379"
                          CONTENT="Andre haben Feuer in d. große Grasebene gelegt, jedoch ist"/>
               </TextLine>
               <TextLine ID="r2l4"
                         BASELINE="969"
                         HEIGHT="331"
                         WIDTH="3564"
                         VPOS="638"
                         HPOS="376">
                  <String ID="string_r2l4"
                          HEIGHT="331"
                          WIDTH="3564"
                          VPOS="638"
                          HPOS="376"
                          CONTENT="die Masse des Grases Sieger geblieben. Ich hatte hier Torf,"/>
               </TextLine>
               <TextLine ID="r2l5"
                         BASELINE="1088"
                         HEIGHT="269"
                         WIDTH="3560"
                         VPOS="819"
                         HPOS="365">
                  <String ID="string_r2l5"
                          HEIGHT="269"
                          WIDTH="3560"
                          VPOS="819"
                          HPOS="365"
                          CONTENT="Seen oder doch Überschwemmungsland erwartet, höre"/>
               </TextLine>
               <TextLine ID="r2l6"
                         BASELINE="1318"
                         HEIGHT="348"
                         WIDTH="3441"
                         VPOS="970"
                         HPOS="378">
                  <String ID="string_r2l6"
                          HEIGHT="348"
                          WIDTH="3441"
                          VPOS="970"
                          HPOS="378"
                          CONTENT="aber, daß sich auch in d. Regenzeit kein stehendes"/>
               </TextLine>
               <TextLine ID="r2l7"
                         BASELINE="1476"
                         HEIGHT="324"
                         WIDTH="3689"
                         VPOS="1152"
                         HPOS="371">
                  <String ID="string_r2l7"
                          HEIGHT="324"
                          WIDTH="3689"
                          VPOS="1152"
                          HPOS="371"
                          CONTENT="größeres Wasser sammeln soll. Dennoch den hierfür"/>
               </TextLine>
               <TextLine ID="r2l8"
                         BASELINE="1590"
                         HEIGHT="276"
                         WIDTH="3688"
                         VPOS="1314"
                         HPOS="369">
                  <String ID="string_r2l8"
                          HEIGHT="276"
                          WIDTH="3688"
                          VPOS="1314"
                          HPOS="369"
                          CONTENT="mitgebrachten Handbohrer mitgenommen u. angesetzt."/>
               </TextLine>
               <TextLine ID="r2l9"
                         BASELINE="1748"
                         HEIGHT="285"
                         WIDTH="3639"
                         VPOS="1463"
                         HPOS="376">
                  <String ID="string_r2l9"
                          HEIGHT="285"
                          WIDTH="3639"
                          VPOS="1463"
                          HPOS="376"
                          CONTENT="Bis 1½ m. Tiefe schwarze, unten sandigere Humuserde,"/>
               </TextLine>
               <TextLine ID="r2l10"
                         BASELINE="1912"
                         HEIGHT="296"
                         WIDTH="3720"
                         VPOS="1616"
                         HPOS="392">
                  <String ID="string_r2l10"
                          HEIGHT="296"
                          WIDTH="3720"
                          VPOS="1616"
                          HPOS="392"
                          CONTENT="aber kein Torf. Nahm die Probe mit. Dann gejagt bis gegen"/>
               </TextLine>
               <TextLine ID="r2l11"
                         BASELINE="2137"
                         HEIGHT="319"
                         WIDTH="2914"
                         VPOS="1818"
                         HPOS="417">
                  <String ID="string_r2l11"
                          HEIGHT="319"
                          WIDTH="2914"
                          VPOS="1818"
                          HPOS="417"
                          CONTENT="8 Uhr, da Mondschein. Noch immer keine Beute."/>
               </TextLine>
               <TextLine ID="r2l12"
                         BASELINE="2211"
                         HEIGHT="263"
                         WIDTH="3441"
                         VPOS="1948"
                         HPOS="588">
                  <String ID="string_r2l12"
                          HEIGHT="263"
                          WIDTH="3441"
                          VPOS="1948"
                          HPOS="588"
                          CONTENT="Nachts um 12 weckte mich Ali: „Simba“. Er war höch„"/>
               </TextLine>
               <TextLine ID="r2l13"
                         BASELINE="2440"
                         HEIGHT="341"
                         WIDTH="3651"
                         VPOS="2099"
                         HPOS="413">
                  <String ID="string_r2l13"
                          HEIGHT="341"
                          WIDTH="3651"
                          VPOS="2099"
                          HPOS="413"
                          CONTENT="stens 5 Min. entfernt, wäre er am Abend gekommen,"/>
               </TextLine>
               <TextLine ID="r2l14"
                         BASELINE="2590"
                         HEIGHT="375"
                         WIDTH="3500"
                         VPOS="2215"
                         HPOS="426">
                  <String ID="string_r2l14"
                          HEIGHT="375"
                          WIDTH="3500"
                          VPOS="2215"
                          HPOS="426"
                          CONTENT="hätte er uns abgeschnitten. Ich legte die Waffen bereit,"/>
               </TextLine>
               <TextLine ID="r2l15"
                         BASELINE="2727"
                         HEIGHT="317"
                         WIDTH="3436"
                         VPOS="2410"
                         HPOS="436">
                  <String ID="string_r2l15"
                          HEIGHT="317"
                          WIDTH="3436"
                          VPOS="2410"
                          HPOS="436"
                          CONTENT="mich auf d. andre Seite u. schlief weiter. Auch den"/>
               </TextLine>
               <TextLine ID="line_1582887917094_2041"
                         BASELINE="2877"
                         HEIGHT="277"
                         WIDTH="3433"
                         VPOS="2600"
                         HPOS="420">
                  <String ID="string_line_1582887917094_2041"
                          HEIGHT="277"
                          WIDTH="3433"
                          VPOS="2600"
                          HPOS="420"
                          CONTENT="Leuten schien er nicht sehr furchtbar, ich hörte sie"/>
               </TextLine>
               <TextLine ID="r2l18"
                         BASELINE="3054"
                         HEIGHT="234"
                         WIDTH="880"
                         VPOS="2820"
                         HPOS="419">
                  <String ID="string_r2l18"
                          HEIGHT="234"
                          WIDTH="880"
                          VPOS="2820"
                          HPOS="419"
                          CONTENT="noch lachen."/>
               </TextLine>
               <TextLine ID="r2l19"
                         BASELINE="3262"
                         HEIGHT="380"
                         WIDTH="3108"
                         VPOS="2882"
                         HPOS="691">
                  <String ID="string_r2l19"
                          HEIGHT="380"
                          WIDTH="3108"
                          VPOS="2882"
                          HPOS="691"
                          CONTENT="27. Juli: Ab 5 Uhr, wäre gern eher aufgebrochen,"/>
               </TextLine>
               <TextLine ID="r2l20"
                         BASELINE="3398"
                         HEIGHT="287"
                         WIDTH="3441"
                         VPOS="3111"
                         HPOS="434">
                  <String ID="string_r2l20"
                          HEIGHT="287"
                          WIDTH="3441"
                          VPOS="3111"
                          HPOS="434"
                          CONTENT="hatte aber keine Lichte mehr, auch wollte ich dem"/>
               </TextLine>
               <TextLine ID="r2l21"
                         BASELINE="3547"
                         HEIGHT="232"
                         WIDTH="3372"
                         VPOS="3315"
                         HPOS="444">
                  <String ID="string_r2l21"
                          HEIGHT="232"
                          WIDTH="3372"
                          VPOS="3315"
                          HPOS="444"
                          CONTENT="Löwen nicht in den Rachen laufen. Barrabarra"/>
               </TextLine>
               <TextLine ID="r2l22"
                         BASELINE="3719"
                         HEIGHT="270"
                         WIDTH="3493"
                         VPOS="3449"
                         HPOS="442">
                  <String ID="string_r2l22"
                          HEIGHT="270"
                          WIDTH="3493"
                          VPOS="3449"
                          HPOS="442"
                          CONTENT="bis zum Akiden, wie erwartet, ca 3½ Std., daher nach"/>
               </TextLine>
               <TextLine ID="r2l23"
                         BASELINE="3934"
                         HEIGHT="270"
                         WIDTH="3448"
                         VPOS="3664"
                         HPOS="473">
                  <String ID="string_r2l23"
                          HEIGHT="270"
                          WIDTH="3448"
                          VPOS="3664"
                          HPOS="473"
                          CONTENT="halbstündiger Rast weiter zum Tendaguru. Keine"/>
               </TextLine>
               <TextLine ID="r2l24"
                         BASELINE="4084"
                         HEIGHT="316"
                         WIDTH="3545"
                         VPOS="3768"
                         HPOS="446">
                  <String ID="string_r2l24"
                          HEIGHT="316"
                          WIDTH="3545"
                          VPOS="3768"
                          HPOS="446"
                          CONTENT="Aufschlüsse, nur anfangs über den Weg laufend ein"/>
               </TextLine>
               <TextLine ID="r2l25"
                         BASELINE="4292"
                         HEIGHT="268"
                         WIDTH="3485"
                         VPOS="4024"
                         HPOS="481">
                  <String ID="string_r2l25"
                          HEIGHT="268"
                          WIDTH="3485"
                          VPOS="4024"
                          HPOS="481"
                          CONTENT="Hügelrücken, ähnlich wie im Gneisgebiet und ein"/>
               </TextLine>
               <TextLine ID="r2l26"
                         BASELINE="4445"
                         HEIGHT="241"
                         WIDTH="3444"
                         VPOS="4204"
                         HPOS="456">
                  <String ID="string_r2l26"
                          HEIGHT="241"
                          WIDTH="3444"
                          VPOS="4204"
                          HPOS="456"
                          CONTENT="fossilführender, aber offenbar früher als Mahlstein"/>
               </TextLine>
               <TextLine ID="r2l27"
                         BASELINE="4616"
                         HEIGHT="273"
                         WIDTH="3534"
                         VPOS="4343"
                         HPOS="422">
                  <String ID="string_r2l27"
                          HEIGHT="273"
                          WIDTH="3534"
                          VPOS="4343"
                          HPOS="422"
                          CONTENT="hergeschleppter Block in ehemaligen Schamben. Weg gut,"/>
               </TextLine>
               <TextLine ID="r2l28"
                         BASELINE="4739"
                         HEIGHT="278"
                         WIDTH="3467"
                         VPOS="4461"
                         HPOS="419">
                  <String ID="string_r2l28"
                          HEIGHT="278"
                          WIDTH="3467"
                          VPOS="4461"
                          HPOS="419"
                          CONTENT="nur stellenweise durch Trockensprünge holperig, zur Regenzeit"/>
               </TextLine>
               <TextLine ID="r2l29"
                         BASELINE="4894"
                         HEIGHT="317"
                         WIDTH="3647"
                         VPOS="4577"
                         HPOS="423">
                  <String ID="string_r2l29"
                          HEIGHT="317"
                          WIDTH="3647"
                          VPOS="4577"
                          HPOS="423"
                          CONTENT="wohl höchst peinlich; viele Spuren (auch Löwe, Elephant, Flußpferd) von"/>
               </TextLine>
               <TextLine ID="r2l30"
                         BASELINE="5003"
                         HEIGHT="243"
                         WIDTH="3255"
                         VPOS="4760"
                         HPOS="422">
                  <String ID="string_r2l30"
                          HEIGHT="243"
                          WIDTH="3255"
                          VPOS="4760"
                          HPOS="422"
                          CONTENT="der letzten her. Mehrere Scharen Perlhühner, mit Annäherung"/>
               </TextLine>
            </TextBlock>
         </PrintSpace>
      </Page>
   </Layout>
</alto>
