4324 5213
3609 177 250 139 147

402 223 3611 244 Tausende von Ameisen, die d. Schwarzen d. Land verlei„

406 396 2357 268 den; Kinder sah ich mit Grasschuhen.

687 611 3290 255 Sonntag d. 27.II. Marsch auf der Bagamoyo-Straße

483 796 3568 238 nach Mikesse u. in Sattler's Lager zurück. Andauern„

527 937 3321 290 des Steigen. Stellenweis der landschaftlich schönste

554 1153 3311 223 Teil der ganzen Safari. Ich hatte Salesi morgens

558 1324 3348 240 zum Fuß des Kungwe geschickt, um jenes Gestein zu

533 1518 3418 229 suchen, er fand es auch, aber auch wir bewegten uns

554 1637 3195 271 fast ausschließlich darin, ein recht eigenartiges,

595 1817 3317 268 scheinbar nicht ganz geschlossenes Vorkommen. Kein

537 1982 3362 322 Kontakt, sondern allmählicher Übergang in Granit.

536 2204 3494 228 Im Gneiß sehr starke Faltung. Zu meinem Erstaun„

541 2375 3280 292 nen eine große Fahrstraße von Bahnhof Mikesse

501 2549 3505 249 über d. Barrabarra bis Kikundi, wo kein Weißer

485 2801 3379 212 wohnt, daher gänzlich unbenutzt. Wie ich erfahre,

513 2947 3332 228 als Sühnearbeit für d. Fall von Kannibalismus

525 3108 1545 269 vor 2 Jahren angelegt.

743 3244 2932 283 Bald nach uns trafen im Lager zufällig auch

507 3458 3303 291 Hrn. Sattler u. Voertmann von einer Inspizierung bei

509 3632 3401 276 Mpapua ein. Fand Packete von Haus u. von Seiden-

572 3816 3165 258 spinners (Weihnachtsgeschenk) vor. Ziemlich viel

544 3954 930 299 Alkohol vertilgt.

742 4080 3151 352 28.II: Voertmann zur Bahn begleitet. gelesen (Meyer's

515 4357 3357 268 Ostafrika u. Kamerun, Supan's Entw. d. europ. Kolonieen,

547 4481 3245 317 mein Erdbebenbuch) Die Regentage haben schon wieder

555 4688 596 259 aufgehört.
