4324 5213
3662 236 269 169 107

484 247 3514 219 das vielleicht ein Sch Lustspiel hätte werden können,

451 385 3520 272 da es an einem Tage spielt, aber auch nicht, weil

462 567 3612 331 der Humor sehr dürftig u. gemacht ist oder wenig„

481 764 3447 279 stens mir jetzt nach Reuter so erscheint. Ich hatte

478 914 3487 301 eine so schöne Erinnerung an Raabe's Geburtsort

506 1103 3493 284 - auch eine pfingstliche! -, daß mich das Zusam„

523 1249 3452 340 mentreffen mit dem Dichter selbst enttäuscht.

699 1551 3420 268 14. Dez. Sehr früh aufgestanden, um einer nahen Barappi„

515 1738 3478 278 spur nachzugehen, nichts gefunden. Dr. Wolff ein Stück

448 1891 3603 321 Weges begleitet, da er erst merkwürdig spät (gegen

512 2072 812 293 6) aufbricht.

758 2289 2966 271 15 Dez. Legte mich nachm. zu Bett, da ich Fieber

517 2454 2904 263 verspürte, abends 38,5°, aber gutes Befinden

721 2619 3022 279 16 Dez. Morgens 37° wieder erreicht, aber zu Bett

612 2830 604 200 geblieben.

706 2957 2556 309 17 Dez. Aufgestanden, aber noch Schonung.

711 3125 3099 326 18 Dez. Morgens durch die Schamben zum Fundorte

518 3318 1551 291 am Wege nach Mtapaia

702 3494 3191 352 Nachm. nach Kindope mit Zelt, wohin Janensch schon

563 3771 3395 277 einige Stunden früher gegangen war. Ich hatte durch

490 3977 3434 254 Erkundigungen von Wasserböcken gehört, die ich gern

538 4103 3456 313 auch noch dies Jahr haben wollte. Mein Plan Sonntag

510 4271 3455 321 darauf zu jagen schien mir bereits vereitelt u.

524 4551 3384 236 Janensch nahm ihn auf. Nun konnten wir beide

496 4700 3479 293 ziehen. Ich auf d. Hinweg mit meinen Boys über
