4324 5213
3826 192 221 140 131

690 252 3182 232 136,9 rötliche Verwitterungsdecke mit fester, kalkiger

583 407 3539 275 Bank, die Einfallen S. erkennen ließ. Auch lehmige Letten

554 552 2094 247 erkennbar, aber stark verwachsen.

860 669 3304 360 Am Bahnhof Kitugallo traf ich Sattler, der aber leider

652 889 3274 295 2 Std. später bereits weiter fuhr;  zugleich

614 1038 3427 310 die beiden Europäer, die hier den Steinbruch ausbeuten

611 1223 3379 347 u. sich ziemlich kümmerlich durchzuringen scheinen mit

608 1385 3361 346 dem einzigen Wunsch, recht bald in der Lage zur Rück„

594 1623 3278 319 kehr zu sein. Sie forderten mich zum Mittagessen auf,

613 1774 3170 324 nicht ganz zu meiner Freude, denn ihr Grashaus

594 1939 3149 314 (in O.-W. statt N-S Richtung gebaut) wimmelte von

607 2084 3379 321 Spinnnetzen u. Bohrmehlstaub, der Eßraum unmittelbar

593 2297 3270 197 neben der Küche (in der auch eine weibliche Stimme

556 2438 3295 310 ertönte u. die anscheinend auch zum Schlafen dient),

561 2590 3541 358 war jämmerlich klein u. schmierig. Ringsum durch's

571 2782 3243 325 Gras kaum ein ausgetretener Fußpfad. Bald nach

613 2998 3417 299 Tisch durch die Steinbrüche, dann hinter den voraus„

626 3168 3200 308 geschickten Trägern her zum Jumben Shamiri in

554 3400 946 223 Kumbangombe

1512 3393 135 58 fast

1500 3362 2150 292 2 Std. südl. d. Bahn. Mit meinem

545 3549 3234 283 Begleiter auf falschen Weg geraten u. dann von

543 3773 3376 276 einem Eingebornen kreuz u.  quer durch Dickicht

526 3983 3560 198 u. Schamben auf schlechten Wegen geführt. Sah Korallen

553 4160 3473 275 u. andre reiche versteinerungsführende Bänke am

515 4313 3451 340 Wege. Im Zelt angekommen gab's schwierige Verhand„

499 4586 3438 226 lungen u. Überlegungen hinsichtlich des weiteren Pro„

493 4717 704 252 gramms.
