4324 5213
357 235 288 205 112

489 235 2626 342 Sonnenuntergang von reinem Glanz.

701 395 3350 346 Abend: „Kalte Ente“, die einzig mögliche Form dieser

526 770 414 173 Feier.

762 808 3187 311 25 Dez. Es wurde eine Barappi-Herde im S. an Lindi-

507 990 3276 270 Wege gemeldet. Wollten beide gehen, um den Feiertag

578 1145 3222 293 zu markieren, es war aber doch Einer bei der Arbeit

549 1275 3182 352 erforderlich. Ich blieb daher. Janensch erlegte ein Tier.

544 1441 3211 320 Am Nachm. gegen 2 erhielt ich Meldung, der Einzelgänger,

568 1627 3276 332 auf den ich schon oft gefahndet habe, dicht südlich am Lager,

558 1746 3324 350 sei soeben über d. Weg gegangen. Machte mich sofort

559 1986 3327 255 auf, fand die Spur sehr bald, aber d. Wind war schlecht.

562 2188 3484 198 Ich hörte das Barappi dreimal, meine beiden Begleiter

542 2287 3454 300 sahen es sogar zweimal. Ich folgte in dichtestes, scheußliches

564 2428 2829 328 Gestrüpp hinab u. mußte schließlich abstehen.

738 2663 913 275 Poscho-Zahlung.

339 2842 3476 341 Sonntag 26. Dez. Folgte meinem ursprünglichen Plan heut

569 3056 3256 360 die Barappis am Maimbwi aufzusuchen, obwohl sie

552 3339 3493 271 durch Janensch gestern verscheucht oder doch scheu gemacht

529 3492 3537 277 sein konnten. Irrten sehr sehr lange umher, ehe wir auf

569 3634 3435 289 eine kleinere Herde von vielleicht 8 Tieren stießen.

615 3793 3367 320 Ich kam dicht heran u. sah über einen Hügel hinüber

612 3962 3257 348 die gesamten Köpfe, die sich mir sofort zuwandten,

631 4126 3365 344 sodaß ich lange stillhalten mußte, ohne nur d. Gewehr

587 4271 3376 383 heben zu können. Ein Schuß, den ich abgab, sobald mir

595 4411 3452 349 nur ein Hals zu Gesicht kam, ging fehl. Wir verloren

643 4592 3311 337 sie. Beim Weitersuchen erst eine kl. Giftschlange ge„
