4324 5214
301 245 262 227 126

627 233 3211 388 7.II. Wegen schlimmen Fußes Lagerarrest.

589 473 3374 341 8.II: Vorm. Sattler, der auf Safari geht, auf

629 690 3324 234 den Wege zur Bahn begleitet. Wissmann-Bio„

606 926 3283 269 graphie beendet, mit hohem Interesse trotz der

583 1026 3433 351 ungeschickten Darstellung verfolgt. Ich wollte mich

626 1189 3441 349 vor allem über d. Araber-Aufstand informieren.

703 1425 3057 326 9.II: Vorm. Nördl. vom Lager gejagt, nichts

623 1598 3281 350 gesehen. Nachher kam ein Barappi unmittel„

609 1817 3390 331 bar am Lager vorübergewechselt, sofort ver„

657 2020 3191 327 folgt, aber gleichfalls nicht gesehen, da Spur

646 2239 3289 374 nicht zu erkennen. Janensch auf dem Berg„

627 2450 2923 304 rücken im Norden Kudu's beobachtet.

853 2682 3082 279 Abds. Gewitter in d. Umgegend. Auf dem

640 2842 3317 333 Aussichtspunkt Nachtschwalbe, sehr groß beobachtet.

488 3017 3102 171 Schubert-Biographie u. Mohamed-Biographie gelesen.

836 3138 2812 276 10.II. Morgens ganz bedeckt. geschrieben.

704 3270 3203 306 Komme nicht zum Malen, da die Uluguru-Berge

572 3424 3258 348 fast nie, besonders nicht morgens frei liegen u.

603 3586 3202 288 abends nur eine Silhouette sichtbar wird. Der

618 3787 3374 267 Fuß zwingt mich zu nutzlosem Sitzen, wäre ich allein,

572 3894 3331 365 so wäre ich schon mit Sattler zusammen hinunter

564 4146 618 269 gezogen.

755 4262 3315 352 12.II. Lasten verpackt, Träger angeworben, Kassensachen.

569 4476 3471 295 Um 10 mit d. Bahn u. 20 Trägern nebst Boys u. Koch nach

554 4670 3423 330 Ngerengere gefahren; Janensch fährt für einige Tage nach
