4324 5213
363 192 175 218 96

528 250 3181 244 1 Dez. Wie am 1 Mai beginnender Herbst, so heut

505 426 3393 303 Einzug in den üppigen Tropensommer des Küsten„

536 537 3357 264 landes. Wunderschöner Weg durch reiche Vegetation.

539 723 3388 320 Aufstieg auf d. Kitulo, keinerlei Nummuliten gesehen.

517 851 3126 325 Fand zu unterst, aber auch in Blöcken bis zur Höhe,

510 1036 3415 287 weißlichen Sandstein, der an Kanten u. Flächen rot

515 1184 3308 259 verwittert u. von mir, wäre ich unbefangen, zu

516 1320 3380 305 d. Makonde-Schichten gerechnet worden wäre. Dann

511 1516 3075 293 splittrige, sehr feste Sandsteine, eine Zone voller

467 1690 3353 234 Schieferbrocken u. endlich löcherig-zerfressenen

481 1789 3211 310 Kalk. Blick auf d. See. Am Telegraphen entlang,

487 1945 3287 306 bis plötzlich Lindi u. seine Bucht tief unter uns

501 2143 3124 267 lag. Ließ hier warten, um in geordnetem

547 2314 3147 302 Zuge einzuziehen. Nun steil hinab. Welche Pracht!

495 2467 3294 254 Die Fülle der blanken, feingeschnittenen Palmen„

544 2665 3038 292 wedel, durch die Seewind und Wogenrauschen

522 2782 3419 309 weht, darunter die schmucken Europäerhäuser, Rinder,

576 2978 3340 331 Ziegen. Dann das Inderviertel mit seltsamen bun„

550 3123 3230 282 ten Trachten. Vorüber an der ganz in viollette

559 3293 3268 310 Bougainvillea-Blüten getauchten Markthalle, die

601 3498 3366 269 zum Aquarellieren reizte, durch d. breiten, graden,

548 3655 3123 273 wohlgepflegten Straßen zum Usagara-Haus unter

544 3822 2177 273 rhytmischem Gesang der Wangoni.

758 3955 3146 289 Erhielt hier zwei luftige geräumige Zimmer mit

636 4118 3141 224 Blick in Palmen und auf die Bucht, stellte die

631 4340 2967 224 Lasten unter u.  tauschte nach 7 Monaten

614 4482 2955 267 den Khaki gegen die weißen Anzüge ein.

724 4668 2910 267 Nachm. auf der Boma beim Bezirksamtmann d.
