<?xml version="1.0" encoding="UTF-8"?>
<alto xmlns:xsi="http://www.w3.org/2001/XMLSchema-instance"
      xmlns="http://www.loc.gov/standards/alto/ns-v2#"
      xmlns:page="http://schema.primaresearch.org/PAGE/gts/pagecontent/2013-07-15"
      xsi:schemaLocation="http://www.loc.gov/standards/alto/ns-v2# http://www.loc.gov/standards/alto/alto.xsd">
   <Description>
      <MeasurementUnit>pixel</MeasurementUnit>
      <OCRProcessing ID="IdOcr">
         <ocrProcessingStep>
            <processingDateTime>2021-02-02T09:46:07.543+01:00</processingDateTime>
            <processingSoftware>
               <softwareCreator>READ COOP</softwareCreator>
               <softwareName>Transkribus</softwareName>
            </processingSoftware>
         </ocrProcessingStep>
      </OCRProcessing>
   </Description>
   <Layout>
      <Page ID="Page1" PHYSICAL_IMG_NR="1" HEIGHT="5213" WIDTH="4324">
         <TopMargin HEIGHT="0" WIDTH="4324" VPOS="0" HPOS="0"/>
         <LeftMargin HEIGHT="5213" WIDTH="0" VPOS="0" HPOS="0"/>
         <RightMargin HEIGHT="5213" WIDTH="0" VPOS="0" HPOS="4324"/>
         <BottomMargin HEIGHT="0" WIDTH="4324" VPOS="5213" HPOS="0"/>
         <PrintSpace HEIGHT="5213" WIDTH="4324" VPOS="0" HPOS="0">
            <TextBlock ID="r1" HEIGHT="4589" WIDTH="3631" VPOS="345" HPOS="443">
               <Shape>
                  <Polygon POINTS="443,345 443,4934 4074,4934 4074,345"/>
               </Shape>
               <TextLine ID="r1l1"
                         BASELINE="467"
                         HEIGHT="200"
                         WIDTH="243"
                         VPOS="267"
                         HPOS="412">
                  <String ID="string_r1l1"
                          HEIGHT="200"
                          WIDTH="243"
                          VPOS="267"
                          HPOS="412"
                          CONTENT="118"/>
               </TextLine>
               <TextLine ID="r1l2"
                         BASELINE="526"
                         HEIGHT="288"
                         WIDTH="3432"
                         VPOS="238"
                         HPOS="465">
                  <String ID="string_r1l2"
                          HEIGHT="288"
                          WIDTH="3432"
                          VPOS="238"
                          HPOS="465"
                          CONTENT="machten wir am Fuß des Noto Mittagsrast; es fand"/>
               </TextLine>
               <TextLine ID="r1l3"
                         BASELINE="708"
                         HEIGHT="306"
                         WIDTH="3381"
                         VPOS="402"
                         HPOS="506">
                  <String ID="string_r1l3"
                          HEIGHT="306"
                          WIDTH="3381"
                          VPOS="402"
                          HPOS="506"
                          CONTENT="sich dazu ein Plätzchen unter überhängendem Dach. Ich"/>
               </TextLine>
               <TextLine ID="r1l4"
                         BASELINE="858"
                         HEIGHT="326"
                         WIDTH="3376"
                         VPOS="532"
                         HPOS="460">
                  <String ID="string_r1l4"
                          HEIGHT="326"
                          WIDTH="3376"
                          VPOS="532"
                          HPOS="460"
                          CONTENT="nach Tisch in's Pori gegangen, weil ich Perlhühner gehört"/>
               </TextLine>
               <TextLine ID="r1l5"
                         BASELINE="1067"
                         HEIGHT="366"
                         WIDTH="3527"
                         VPOS="701"
                         HPOS="487">
                  <String ID="string_r1l5"
                          HEIGHT="366"
                          WIDTH="3527"
                          VPOS="701"
                          HPOS="487"
                          CONTENT="hatte. Aber sie hörten auf zu rufen u. in dem bereits sehr"/>
               </TextLine>
               <TextLine ID="r1l6"
                         BASELINE="1248"
                         HEIGHT="382"
                         WIDTH="3385"
                         VPOS="866"
                         HPOS="494">
                  <String ID="string_r1l6"
                          HEIGHT="382"
                          WIDTH="3385"
                          VPOS="866"
                          HPOS="494"
                          CONTENT="hohen Grase nichts mehr zu sehen. Abend zum Jumben"/>
               </TextLine>
               <TextLine ID="r1l7"
                         BASELINE="1407"
                         HEIGHT="348"
                         WIDTH="3247"
                         VPOS="1059"
                         HPOS="491">
                  <String ID="string_r1l7"
                          HEIGHT="348"
                          WIDTH="3247"
                          VPOS="1059"
                          HPOS="491"
                          CONTENT="(Mwenjedadi auf Noto. Kurz nach d. Ankunft begann"/>
               </TextLine>
               <TextLine ID="r1l8"
                         BASELINE="1605"
                         HEIGHT="343"
                         WIDTH="3329"
                         VPOS="1262"
                         HPOS="560">
                  <String ID="string_r1l8"
                          HEIGHT="343"
                          WIDTH="3329"
                          VPOS="1262"
                          HPOS="560"
                          CONTENT="ziemlich kräftiges Gewitter. Durch den dichten Regen„"/>
               </TextLine>
               <TextLine ID="r1l9"
                         BASELINE="1776"
                         HEIGHT="377"
                         WIDTH="3400"
                         VPOS="1399"
                         HPOS="563">
                  <String ID="string_r1l9"
                          HEIGHT="377"
                          WIDTH="3400"
                          VPOS="1399"
                          HPOS="563"
                          CONTENT="dunst leuchtete ein grelles, gleichmäßig verstreutes Rot"/>
               </TextLine>
               <TextLine ID="r1l10"
                         BASELINE="1910"
                         HEIGHT="306"
                         WIDTH="3491"
                         VPOS="1604"
                         HPOS="548">
                  <String ID="string_r1l10"
                          HEIGHT="306"
                          WIDTH="3491"
                          VPOS="1604"
                          HPOS="548"
                          CONTENT="u. Gelb der sinkenden Sonne. Die dunklen Hütten hoben"/>
               </TextLine>
               <TextLine ID="r1l11"
                         BASELINE="2119"
                         HEIGHT="323"
                         WIDTH="3402"
                         VPOS="1796"
                         HPOS="547">
                  <String ID="string_r1l11"
                          HEIGHT="323"
                          WIDTH="3402"
                          VPOS="1796"
                          HPOS="547"
                          CONTENT="sich als Silhouetten dagegen ab. Es war ein Gemälde"/>
               </TextLine>
               <TextLine ID="r1l12"
                         BASELINE="2291"
                         HEIGHT="324"
                         WIDTH="1426"
                         VPOS="1967"
                         HPOS="551">
                  <String ID="string_r1l12"
                          HEIGHT="324"
                          WIDTH="1426"
                          VPOS="1967"
                          HPOS="551"
                          CONTENT="der Worpsweder Schule."/>
               </TextLine>
               <TextLine ID="line_1582895413622_3562"
                         BASELINE="2493"
                         HEIGHT="342"
                         WIDTH="3059"
                         VPOS="2151"
                         HPOS="764">
                  <String ID="string_line_1582895413622_3562"
                          HEIGHT="342"
                          WIDTH="3059"
                          VPOS="2151"
                          HPOS="764"
                          CONTENT="8 Januar. Morgens wieder ein wenig Regen,"/>
               </TextLine>
               <TextLine ID="r1l15"
                         BASELINE="2630"
                         HEIGHT="226"
                         WIDTH="3302"
                         VPOS="2404"
                         HPOS="616">
                  <String ID="string_r1l15"
                          HEIGHT="226"
                          WIDTH="3302"
                          VPOS="2404"
                          HPOS="616"
                          CONTENT="doch konnten wir zeitig genug aufbrechen u. hatten"/>
               </TextLine>
               <TextLine ID="r1l16"
                         BASELINE="2834"
                         HEIGHT="356"
                         WIDTH="3368"
                         VPOS="2478"
                         HPOS="629">
                  <String ID="string_r1l16"
                          HEIGHT="356"
                          WIDTH="3368"
                          VPOS="2478"
                          HPOS="629"
                          CONTENT="wieder angenehmen Marsch. Auf Lutende. Mittagsrast,"/>
               </TextLine>
               <TextLine ID="r1l17"
                         BASELINE="3009"
                         HEIGHT="332"
                         WIDTH="3324"
                         VPOS="2677"
                         HPOS="625">
                  <String ID="string_r1l17"
                          HEIGHT="332"
                          WIDTH="3324"
                          VPOS="2677"
                          HPOS="625"
                          CONTENT="abends nach Namembo hinab. Ich fühle mich wohl, aber"/>
               </TextLine>
               <TextLine ID="r1l18"
                         BASELINE="3203"
                         HEIGHT="363"
                         WIDTH="3423"
                         VPOS="2840"
                         HPOS="645">
                  <String ID="string_r1l18"
                          HEIGHT="363"
                          WIDTH="3423"
                          VPOS="2840"
                          HPOS="645"
                          CONTENT="ungewöhnlich müde u. habe das Gefühl, als stecke mir"/>
               </TextLine>
               <TextLine ID="r1l19"
                         BASELINE="3298"
                         HEIGHT="261"
                         WIDTH="3420"
                         VPOS="3037"
                         HPOS="633">
                  <String ID="string_r1l19"
                          HEIGHT="261"
                          WIDTH="3420"
                          VPOS="3037"
                          HPOS="633"
                          CONTENT="immer noch unentwickeltes Fieber in den Knochen,"/>
               </TextLine>
               <TextLine ID="r1l20"
                         BASELINE="3567"
                         HEIGHT="373"
                         WIDTH="3393"
                         VPOS="3194"
                         HPOS="623">
                  <String ID="string_r1l20"
                          HEIGHT="373"
                          WIDTH="3393"
                          VPOS="3194"
                          HPOS="623"
                          CONTENT="so daß ich mich recht auf Höhenluft u. Ferien freue."/>
               </TextLine>
               <TextLine ID="r1l21"
                         BASELINE="3767"
                         HEIGHT="280"
                         WIDTH="3220"
                         VPOS="3487"
                         HPOS="763">
                  <String ID="string_r1l21"
                          HEIGHT="280"
                          WIDTH="3220"
                          VPOS="3487"
                          HPOS="763"
                          CONTENT="9 Januar. Seit nachts 2 Uhr heftige Gewitter u. Sturm,"/>
               </TextLine>
               <TextLine ID="r1l22"
                         BASELINE="3961"
                         HEIGHT="344"
                         WIDTH="3193"
                         VPOS="3617"
                         HPOS="630">
                  <String ID="string_r1l22"
                          HEIGHT="344"
                          WIDTH="3193"
                          VPOS="3617"
                          HPOS="630"
                          CONTENT="morgens bis gegen 8 gewartet, dann bei schwächer"/>
               </TextLine>
               <TextLine ID="r1l23"
                         BASELINE="4080"
                         HEIGHT="311"
                         WIDTH="3348"
                         VPOS="3769"
                         HPOS="631">
                  <String ID="string_r1l23"
                          HEIGHT="311"
                          WIDTH="3348"
                          VPOS="3769"
                          HPOS="631"
                          CONTENT="werdendem Regen aufgebrochen; nach ca ¾ Std. ließ er"/>
               </TextLine>
               <TextLine ID="r1l24"
                         BASELINE="4315"
                         HEIGHT="336"
                         WIDTH="3440"
                         VPOS="3979"
                         HPOS="651">
                  <String ID="string_r1l24"
                          HEIGHT="336"
                          WIDTH="3440"
                          VPOS="3979"
                          HPOS="651"
                          CONTENT="ganz nach, aber die Wege am Fuß des Kitulo u. beim"/>
               </TextLine>
               <TextLine ID="r1l25"
                         BASELINE="4498"
                         HEIGHT="323"
                         WIDTH="3296"
                         VPOS="4175"
                         HPOS="612">
                  <String ID="string_r1l25"
                          HEIGHT="323"
                          WIDTH="3296"
                          VPOS="4175"
                          HPOS="612"
                          CONTENT="Aufstieg gänzlich durchweicht u. d. Luft sehr schwül."/>
               </TextLine>
               <TextLine ID="r1l26"
                         BASELINE="4617"
                         HEIGHT="257"
                         WIDTH="3377"
                         VPOS="4360"
                         HPOS="628">
                  <String ID="string_r1l26"
                          HEIGHT="257"
                          WIDTH="3377"
                          VPOS="4360"
                          HPOS="628"
                          CONTENT="Der Marsch heut nur kurz, doch taten mir d. Träger"/>
               </TextLine>
               <TextLine ID="r1l27"
                         BASELINE="4817"
                         HEIGHT="310"
                         WIDTH="3296"
                         VPOS="4507"
                         HPOS="609">
                  <String ID="string_r1l27"
                          HEIGHT="310"
                          WIDTH="3296"
                          VPOS="4507"
                          HPOS="609"
                          CONTENT="mehr leid, als gestern u. vorgestern. Gegen 11½ in"/>
               </TextLine>
               <TextLine ID="r1l28"
                         BASELINE="4931"
                         HEIGHT="267"
                         WIDTH="3482"
                         VPOS="4664"
                         HPOS="615">
                  <String ID="string_r1l28"
                          HEIGHT="267"
                          WIDTH="3482"
                          VPOS="4664"
                          HPOS="615"
                          CONTENT="Lindi. Werden wieder in d. Usagara aufgenommen."/>
               </TextLine>
            </TextBlock>
         </PrintSpace>
      </Page>
   </Layout>
</alto>
