4324 5213
397 185 193 190 92

594 188 3337 278 24 Nov. Beginne mit mehreren Leuten Skelett I am Wege

502 361 3513 272 nach Mtapaia abzuheben. Unter dem Sonnensegel arbeitet sich's

522 483 3508 255 bequem bis Mittag. Unter d. abgehobenen Knochen finden sich

554 669 3376 204 weitere gut brauchbare Sachen. Inzwischen einen Jagd„

560 760 3290 304 abstecher gemacht: wollte eigentlich nach W. auf Barappi's,

570 895 3299 273 wurde aber von Kanga's nach d. Mtapaia-Flusse gezogen,

602 1067 3270 299 an dem ich wieder schöne alte Schamben, aber merk„

627 1204 3275 248 würdigerweise kein Wild darin finde. Nur 1 Perlhuhn

645 1400 551 227 erbeutet.

660 1510 3177 293 25 Nov. Janensch war ganz früh üb. d. Maimbui auf

559 1694 3311 234 Barappi gezogen (wieder ohne Erfolg, obwohl er zu Schuß kam).

579 1815 3338 309 Als ich kaum mit Anziehen fertig war, meldete Boheti

595 1962 3262 255 einen Löwen in d. Falle unten an d. Barrabarra.

627 2154 3236 263 Ich zog sofort hinab, voll Freude, daß mir eine so

589 2261 3362 293 seltene u. unerwartete Beute in d. Hand fallen

582 2478 3117 290 sollte, fand aber nur einen Leoparden, der zu

564 2580 3374 266 meinem eignen Erstaunen auf d. ersten Schuß fiel,

577 2727 3401 253 obwohl ich ihn im Dickicht nicht gut sehen konnte u. von

577 2887 3413 266 vorn zu fassen kriegte. Zweimal hatte mein Gewehr

627 3011 3374 250 wieder versagt, beim Löwen hätte mir das schlecht

628 3261 3291 182 bekommen können. Der Chui hing nur noch mit

589 3336 3369 232 einem Hautfetzen in der Falle. Da ich grade unten

614 3486 3300 216 war, durchstreifte ich den Talboden unten am Plateau„

608 3622 2374 263 rande, bekam aber nichts zu sehen.

709 3844 3111 185 26 Nov. Früh nach Kindope-Mtapaia aufgebrochen bis zum

554 3947 3296 245 Ndogolo-Wechsel, bekam nichts zu sehen. Dann beim

551 4097 3395 281 Rückweg kurz nach einander ein Warzenschwein

582 4239 3343 226 Ngorombwe u. Puduka geschossen. Weiter am „Mta-

615 4396 3226 247 paiasaurus“ abgehoben. Bereits 13 Lasten fertig. Mehr„

613 4548 3291 253 maliger Regen. Schon in d. aller Frühe Regen u. da
