<?xml version="1.0" encoding="UTF-8"?>
<alto xmlns:xsi="http://www.w3.org/2001/XMLSchema-instance"
      xmlns="http://www.loc.gov/standards/alto/ns-v2#"
      xmlns:page="http://schema.primaresearch.org/PAGE/gts/pagecontent/2013-07-15"
      xsi:schemaLocation="http://www.loc.gov/standards/alto/ns-v2# http://www.loc.gov/standards/alto/alto.xsd">
   <Description>
      <MeasurementUnit>pixel</MeasurementUnit>
      <OCRProcessing ID="IdOcr">
         <ocrProcessingStep>
            <processingDateTime>2021-02-02T09:46:05.67+01:00</processingDateTime>
            <processingSoftware>
               <softwareCreator>READ COOP</softwareCreator>
               <softwareName>Transkribus</softwareName>
            </processingSoftware>
         </ocrProcessingStep>
      </OCRProcessing>
   </Description>
   <Layout>
      <Page ID="Page1" PHYSICAL_IMG_NR="1" HEIGHT="5213" WIDTH="4324">
         <TopMargin HEIGHT="0" WIDTH="4324" VPOS="0" HPOS="0"/>
         <LeftMargin HEIGHT="5213" WIDTH="0" VPOS="0" HPOS="0"/>
         <RightMargin HEIGHT="5213" WIDTH="0" VPOS="0" HPOS="4324"/>
         <BottomMargin HEIGHT="0" WIDTH="4324" VPOS="5213" HPOS="0"/>
         <PrintSpace HEIGHT="5213" WIDTH="4324" VPOS="0" HPOS="0">
            <TextBlock ID="r1" HEIGHT="4529" WIDTH="3684" VPOS="226" HPOS="341">
               <Shape>
                  <Polygon POINTS="341,226 341,4755 4025,4755 4025,226"/>
               </Shape>
               <TextLine ID="r1l1"
                         BASELINE="378"
                         HEIGHT="182"
                         WIDTH="248"
                         VPOS="196"
                         HPOS="310">
                  <String ID="string_r1l1"
                          HEIGHT="182"
                          WIDTH="248"
                          VPOS="196"
                          HPOS="310"
                          CONTENT="108"/>
               </TextLine>
               <TextLine ID="line_1582895017988_3374"
                         BASELINE="551"
                         HEIGHT="334"
                         WIDTH="3571"
                         VPOS="217"
                         HPOS="461">
                  <String ID="string_line_1582895017988_3374"
                          HEIGHT="334"
                          WIDTH="3571"
                          VPOS="217"
                          HPOS="461"
                          CONTENT="die Quelle am Fuß des Tendaguru u. in's Mbenkuru-"/>
               </TextLine>
               <TextLine ID="r1l4"
                         BASELINE="726"
                         HEIGHT="342"
                         WIDTH="3518"
                         VPOS="384"
                         HPOS="471">
                  <String ID="string_r1l4"
                          HEIGHT="342"
                          WIDTH="3518"
                          VPOS="384"
                          HPOS="471"
                          CONTENT="Tal hinab, um die Gegend zu erkunden. Schoß kurz"/>
               </TextLine>
               <TextLine ID="r1l5"
                         BASELINE="957"
                         HEIGHT="383"
                         WIDTH="3544"
                         VPOS="574"
                         HPOS="489">
                  <String ID="string_r1l5"
                          HEIGHT="383"
                          WIDTH="3544"
                          VPOS="574"
                          HPOS="489"
                          CONTENT="hintereinander ein Puduka u. Mbawala, sodaß die"/>
               </TextLine>
               <TextLine ID="r1l6"
                         BASELINE="1093"
                         HEIGHT="326"
                         WIDTH="3526"
                         VPOS="767"
                         HPOS="438">
                  <String ID="string_r1l6"
                          HEIGHT="326"
                          WIDTH="3526"
                          VPOS="767"
                          HPOS="438"
                          CONTENT="Träger ihre Extra-Arbeit vergütet sahen, es wurde"/>
               </TextLine>
               <TextLine ID="r1l7"
                         BASELINE="1301"
                         HEIGHT="413"
                         WIDTH="3275"
                         VPOS="888"
                         HPOS="501">
                  <String ID="string_r1l7"
                          HEIGHT="413"
                          WIDTH="3275"
                          VPOS="888"
                          HPOS="501"
                          CONTENT="aber spät dabei u. ich eilte durch greuliches Gestrüpp u."/>
               </TextLine>
               <TextLine ID="r1l8"
                         BASELINE="1468"
                         HEIGHT="378"
                         WIDTH="3372"
                         VPOS="1090"
                         HPOS="511">
                  <String ID="string_r1l8"
                          HEIGHT="378"
                          WIDTH="3372"
                          VPOS="1090"
                          HPOS="511"
                          CONTENT="bergauf. Nach d. Abendbrot, das „im Freien“ nach herr„"/>
               </TextLine>
               <TextLine ID="r1l9"
                         BASELINE="1620"
                         HEIGHT="402"
                         WIDTH="3437"
                         VPOS="1218"
                         HPOS="507">
                  <String ID="string_r1l9"
                          HEIGHT="402"
                          WIDTH="3437"
                          VPOS="1218"
                          HPOS="507"
                          CONTENT="lichem Sonnenuntergang u. bei Mondschein unter"/>
               </TextLine>
               <TextLine ID="line_1582895035343_3384"
                         BASELINE="1876"
                         HEIGHT="415"
                         WIDTH="3330"
                         VPOS="1461"
                         HPOS="559">
                  <String ID="string_line_1582895035343_3384"
                          HEIGHT="415"
                          WIDTH="3330"
                          VPOS="1461"
                          HPOS="559"
                          CONTENT="2 schön geformten, hohen Baumkronen eingenom„"/>
               </TextLine>
               <TextLine ID="r1l14"
                         BASELINE="1989"
                         HEIGHT="376"
                         WIDTH="2266"
                         VPOS="1613"
                         HPOS="552">
                  <String ID="string_r1l14"
                          HEIGHT="376"
                          WIDTH="2266"
                          VPOS="1613"
                          HPOS="552"
                          CONTENT="men wurde, etwas Kopfschmerz."/>
               </TextLine>
               <TextLine ID="r1l15"
                         BASELINE="2248"
                         HEIGHT="395"
                         WIDTH="3124"
                         VPOS="1853"
                         HPOS="774">
                  <String ID="string_r1l15"
                          HEIGHT="395"
                          WIDTH="3124"
                          VPOS="1853"
                          HPOS="774"
                          CONTENT="Sonntag d. 19: Sehr früh aufgestanden, beim ersten"/>
               </TextLine>
               <TextLine ID="r1l16"
                         BASELINE="2432"
                         HEIGHT="377"
                         WIDTH="3049"
                         VPOS="2055"
                         HPOS="608">
                  <String ID="string_r1l16"
                          HEIGHT="377"
                          WIDTH="3049"
                          VPOS="2055"
                          HPOS="608"
                          CONTENT="Morgengrauen fort, ich voraus, da ich fürchtete,"/>
               </TextLine>
               <TextLine ID="r1l17"
                         BASELINE="2620"
                         HEIGHT="415"
                         WIDTH="3194"
                         VPOS="2205"
                         HPOS="658">
                  <String ID="string_r1l17"
                          HEIGHT="415"
                          WIDTH="3194"
                          VPOS="2205"
                          HPOS="658"
                          CONTENT="Janensch's Anstalten könnten sich wieder sehr"/>
               </TextLine>
               <TextLine ID="r1l18"
                         BASELINE="2717"
                         HEIGHT="332"
                         WIDTH="3154"
                         VPOS="2385"
                         HPOS="633">
                  <String ID="string_r1l18"
                          HEIGHT="332"
                          WIDTH="3154"
                          VPOS="2385"
                          HPOS="633"
                          CONTENT="in die Länge ziehen. Von dem gestrigen Talmarsch"/>
               </TextLine>
               <TextLine ID="r1l19"
                         BASELINE="2938"
                         HEIGHT="324"
                         WIDTH="3102"
                         VPOS="2614"
                         HPOS="619">
                  <String ID="string_r1l19"
                          HEIGHT="324"
                          WIDTH="3102"
                          VPOS="2614"
                          HPOS="619"
                          CONTENT="durch hohes, holziges Gras hatte ich genug u. ging"/>
               </TextLine>
               <TextLine ID="r1l20"
                         BASELINE="3060"
                         HEIGHT="288"
                         WIDTH="3142"
                         VPOS="2772"
                         HPOS="607">
                  <String ID="string_r1l20"
                          HEIGHT="288"
                          WIDTH="3142"
                          VPOS="2772"
                          HPOS="607"
                          CONTENT="talabwärts zum Lilahi in mein prächtiges u."/>
               </TextLine>
               <TextLine ID="line_1582895044706_3389"
                         BASELINE="3209"
                         HEIGHT="268"
                         WIDTH="3128"
                         VPOS="2941"
                         HPOS="629">
                  <String ID="string_line_1582895044706_3389"
                          HEIGHT="268"
                          WIDTH="3128"
                          VPOS="2941"
                          HPOS="629"
                          CONTENT="mir gut bekanntes Jgagdrevier, mußte aber d."/>
               </TextLine>
               <TextLine ID="r1l23"
                         BASELINE="3400"
                         HEIGHT="288"
                         WIDTH="3340"
                         VPOS="3112"
                         HPOS="590">
                  <String ID="string_r1l23"
                          HEIGHT="288"
                          WIDTH="3340"
                          VPOS="3112"
                          HPOS="590"
                          CONTENT="Erfahrung machen, daß d. hiesige Herde mit der"/>
               </TextLine>
               <TextLine ID="r1l24"
                         BASELINE="3542"
                         HEIGHT="301"
                         WIDTH="3265"
                         VPOS="3241"
                         HPOS="619">
                  <String ID="string_r1l24"
                          HEIGHT="301"
                          WIDTH="3265"
                          VPOS="3241"
                          HPOS="619"
                          CONTENT="weiter oben am Mbenkuru gemeldeten iden„"/>
               </TextLine>
               <TextLine ID="r1l25"
                         BASELINE="3787"
                         HEIGHT="355"
                         WIDTH="3365"
                         VPOS="3432"
                         HPOS="592">
                  <String ID="string_r1l25"
                          HEIGHT="355"
                          WIDTH="3365"
                          VPOS="3432"
                          HPOS="592"
                          CONTENT="tisch sei u. zur Zeit hier abgezogen war. Die Kopf„"/>
               </TextLine>
               <TextLine ID="r1l26"
                         BASELINE="4004"
                         HEIGHT="414"
                         WIDTH="3336"
                         VPOS="3590"
                         HPOS="569">
                  <String ID="string_r1l26"
                          HEIGHT="414"
                          WIDTH="3336"
                          VPOS="3590"
                          HPOS="569"
                          CONTENT="schmerzen hatten sich schon beim Aufstehen wieder"/>
               </TextLine>
               <TextLine ID="r1l27"
                         BASELINE="4154"
                         HEIGHT="396"
                         WIDTH="3410"
                         VPOS="3758"
                         HPOS="618">
                  <String ID="string_r1l27"
                          HEIGHT="396"
                          WIDTH="3410"
                          VPOS="3758"
                          HPOS="618"
                          CONTENT="eingestellt, aber ich hörte Janensch im Tale schießen"/>
               </TextLine>
               <TextLine ID="r1l28"
                         BASELINE="4315"
                         HEIGHT="363"
                         WIDTH="3371"
                         VPOS="3952"
                         HPOS="622">
                  <String ID="string_r1l28"
                          HEIGHT="363"
                          WIDTH="3371"
                          VPOS="3952"
                          HPOS="622"
                          CONTENT="u. ging auch dorthin. Am Mbenkuru hörte ich, die"/>
               </TextLine>
               <TextLine ID="r1l29"
                         BASELINE="4492"
                         HEIGHT="367"
                         WIDTH="3317"
                         VPOS="4125"
                         HPOS="648">
                  <String ID="string_r1l29"
                          HEIGHT="367"
                          WIDTH="3317"
                          VPOS="4125"
                          HPOS="648"
                          CONTENT="Tiere seien jetzt jenseits, u. wollte wieder um„"/>
               </TextLine>
               <TextLine ID="r1l30"
                         BASELINE="4594"
                         HEIGHT="306"
                         WIDTH="3342"
                         VPOS="4288"
                         HPOS="622">
                  <String ID="string_r1l30"
                          HEIGHT="306"
                          WIDTH="3342"
                          VPOS="4288"
                          HPOS="622"
                          CONTENT="kehren. Da fielen wieder Schüsse nicht allzu„"/>
               </TextLine>
               <TextLine ID="r1l31"
                         BASELINE="4805"
                         HEIGHT="310"
                         WIDTH="3439"
                         VPOS="4495"
                         HPOS="612">
                  <String ID="string_r1l31"
                          HEIGHT="310"
                          WIDTH="3439"
                          VPOS="4495"
                          HPOS="612"
                          CONTENT="weit u. ich ging hinüber, an einer trocknen Stelle,"/>
               </TextLine>
            </TextBlock>
         </PrintSpace>
      </Page>
   </Layout>
</alto>
