<?xml version="1.0" encoding="UTF-8"?>
<alto xmlns:xsi="http://www.w3.org/2001/XMLSchema-instance"
      xmlns="http://www.loc.gov/standards/alto/ns-v2#"
      xmlns:page="http://schema.primaresearch.org/PAGE/gts/pagecontent/2013-07-15"
      xsi:schemaLocation="http://www.loc.gov/standards/alto/ns-v2# http://www.loc.gov/standards/alto/alto.xsd">
   <Description>
      <MeasurementUnit>pixel</MeasurementUnit>
      <OCRProcessing ID="IdOcr">
         <ocrProcessingStep>
            <processingDateTime>2021-02-02T09:46:14.243+01:00</processingDateTime>
            <processingSoftware>
               <softwareCreator>READ COOP</softwareCreator>
               <softwareName>Transkribus</softwareName>
            </processingSoftware>
         </ocrProcessingStep>
      </OCRProcessing>
   </Description>
   <Layout>
      <Page ID="Page1" PHYSICAL_IMG_NR="1" HEIGHT="5213" WIDTH="4324">
         <TopMargin HEIGHT="0" WIDTH="4324" VPOS="0" HPOS="0"/>
         <LeftMargin HEIGHT="5213" WIDTH="0" VPOS="0" HPOS="0"/>
         <RightMargin HEIGHT="5213" WIDTH="0" VPOS="0" HPOS="4324"/>
         <BottomMargin HEIGHT="0" WIDTH="4324" VPOS="5213" HPOS="0"/>
         <PrintSpace HEIGHT="5213" WIDTH="4324" VPOS="0" HPOS="0">
            <TextBlock ID="r1" HEIGHT="4564" WIDTH="3607" VPOS="280" HPOS="443">
               <Shape>
                  <Polygon POINTS="443,280 443,4844 4050,4844 4050,280"/>
               </Shape>
               <TextLine ID="r1l1"
                         BASELINE="397"
                         HEIGHT="167"
                         WIDTH="211"
                         VPOS="230"
                         HPOS="413">
                  <String ID="string_r1l1"
                          HEIGHT="167"
                          WIDTH="211"
                          VPOS="230"
                          HPOS="413"
                          CONTENT="144"/>
               </TextLine>
               <TextLine ID="r1l2"
                         BASELINE="502"
                         HEIGHT="300"
                         WIDTH="3488"
                         VPOS="202"
                         HPOS="529">
                  <String ID="string_r1l2"
                          HEIGHT="300"
                          WIDTH="3488"
                          VPOS="202"
                          HPOS="529"
                          CONTENT="aber immer noch d. Troß dicht auf d. Versen, so daß"/>
               </TextLine>
               <TextLine ID="r1l3"
                         BASELINE="741"
                         HEIGHT="306"
                         WIDTH="3337"
                         VPOS="435"
                         HPOS="517">
                  <String ID="string_r1l3"
                          HEIGHT="306"
                          WIDTH="3337"
                          VPOS="435"
                          HPOS="517"
                          CONTENT="ich mich nicht auf Jagd, Versteinerungssuche od. Stiefel"/>
               </TextLine>
               <TextLine ID="r1l4"
                         BASELINE="895"
                         HEIGHT="324"
                         WIDTH="3259"
                         VPOS="571"
                         HPOS="532">
                  <String ID="string_r1l4"
                          HEIGHT="324"
                          WIDTH="3259"
                          VPOS="571"
                          HPOS="532"
                          CONTENT="wickeln (des Fußes wegen) einlassen konnte, ohne"/>
               </TextLine>
               <TextLine ID="r1l5"
                         BASELINE="1074"
                         HEIGHT="231"
                         WIDTH="3447"
                         VPOS="843"
                         HPOS="547">
                  <String ID="string_r1l5"
                          HEIGHT="231"
                          WIDTH="3447"
                          VPOS="843"
                          HPOS="547"
                          CONTENT="daß d. ganze Rasselbande gleich wieder voraus war"/>
               </TextLine>
               <TextLine ID="r1l6"
                         BASELINE="1240"
                         HEIGHT="294"
                         WIDTH="3168"
                         VPOS="946"
                         HPOS="593">
                  <String ID="string_r1l6"
                          HEIGHT="294"
                          WIDTH="3168"
                          VPOS="946"
                          HPOS="593"
                          CONTENT="u. d. Wild verscheuchte. Beim Anstieg beobachtet:"/>
               </TextLine>
               <TextLine ID="line_1583140264421_192"
                         BASELINE="1419"
                         HEIGHT="322"
                         WIDTH="2364"
                         VPOS="1097"
                         HPOS="967">
                  <String ID="string_line_1583140264421_192"
                          HEIGHT="322"
                          WIDTH="2364"
                          VPOS="1097"
                          HPOS="967"
                          CONTENT="zu oberst: Harte Bänke, Einfallen O."/>
               </TextLine>
               <TextLine ID="r1l9"
                         BASELINE="1538"
                         HEIGHT="275"
                         WIDTH="2154"
                         VPOS="1263"
                         HPOS="1751">
                  <String ID="string_r1l9"
                          HEIGHT="275"
                          WIDTH="2154"
                          VPOS="1263"
                          HPOS="1751"
                          CONTENT="Muschelreste in Sandsteinen Austern!"/>
               </TextLine>
               <TextLine ID="r1l10"
                         BASELINE="1693"
                         HEIGHT="296"
                         WIDTH="1259"
                         VPOS="1397"
                         HPOS="1725">
                  <String ID="string_r1l10"
                          HEIGHT="296"
                          WIDTH="1259"
                          VPOS="1397"
                          HPOS="1725"
                          CONTENT="Rote lehmige Sande"/>
               </TextLine>
               <TextLine ID="r1l11"
                         BASELINE="1856"
                         HEIGHT="263"
                         WIDTH="1169"
                         VPOS="1593"
                         HPOS="1722">
                  <String ID="string_r1l11"
                          HEIGHT="263"
                          WIDTH="1169"
                          VPOS="1593"
                          HPOS="1722"
                          CONTENT="Harte Sandsteine."/>
               </TextLine>
               <TextLine ID="r1l12"
                         BASELINE="2030"
                         HEIGHT="308"
                         WIDTH="3284"
                         VPOS="1722"
                         HPOS="718">
                  <String ID="string_r1l12"
                          HEIGHT="308"
                          WIDTH="3284"
                          VPOS="1722"
                          HPOS="718"
                          CONTENT="An Einschnitten glimmerreiche, sandige Letten u. roter"/>
               </TextLine>
               <TextLine ID="r1l13"
                         BASELINE="2182"
                         HEIGHT="277"
                         WIDTH="3176"
                         VPOS="1905"
                         HPOS="719">
                  <String ID="string_r1l13"
                          HEIGHT="277"
                          WIDTH="3176"
                          VPOS="1905"
                          HPOS="719"
                          CONTENT="Tonboden wechselnd (darin zuweilen Einfallen W?)"/>
               </TextLine>
               <TextLine ID="r1l14"
                         BASELINE="2350"
                         HEIGHT="272"
                         WIDTH="3322"
                         VPOS="2078"
                         HPOS="694">
                  <String ID="string_r1l14"
                          HEIGHT="272"
                          WIDTH="3322"
                          VPOS="2078"
                          HPOS="694"
                          CONTENT="Stellenweise Boden bedeckt mit Kies aus Quarzen"/>
               </TextLine>
               <TextLine ID="r1l15"
                         BASELINE="2512"
                         HEIGHT="232"
                         WIDTH="3341"
                         VPOS="2280"
                         HPOS="695">
                  <String ID="string_r1l15"
                          HEIGHT="232"
                          WIDTH="3341"
                          VPOS="2280"
                          HPOS="695"
                          CONTENT="u. dunkelroten, glänzenden Steinchen (Roteisen, Bohnerz?)"/>
               </TextLine>
               <TextLine ID="r1l16"
                         BASELINE="2713"
                         HEIGHT="298"
                         WIDTH="2961"
                         VPOS="2415"
                         HPOS="900">
                  <String ID="string_r1l16"
                          HEIGHT="298"
                          WIDTH="2961"
                          VPOS="2415"
                          HPOS="900"
                          CONTENT="Am rechten Ngerengere-Ufer schöner Aufschluß:"/>
               </TextLine>
               <TextLine ID="r1l17"
                         BASELINE="2863"
                         HEIGHT="260"
                         WIDTH="3275"
                         VPOS="2603"
                         HPOS="677">
                  <String ID="string_r1l17"
                          HEIGHT="260"
                          WIDTH="3275"
                          VPOS="2603"
                          HPOS="677"
                          CONTENT="tonige Schichten mit gleich starken, aber dünnen Letten"/>
               </TextLine>
               <TextLine ID="r1l18"
                         BASELINE="3039"
                         HEIGHT="224"
                         WIDTH="3073"
                         VPOS="2815"
                         HPOS="702">
                  <String ID="string_r1l18"
                          HEIGHT="224"
                          WIDTH="3073"
                          VPOS="2815"
                          HPOS="702"
                          CONTENT="als Zwischenlagen, die minimales Einfallen NW."/>
               </TextLine>
               <TextLine ID="r1l19"
                         BASELINE="3209"
                         HEIGHT="238"
                         WIDTH="3150"
                         VPOS="2971"
                         HPOS="733">
                  <String ID="string_r1l19"
                          HEIGHT="238"
                          WIDTH="3150"
                          VPOS="2971"
                          HPOS="733"
                          CONTENT="erkennen ließen. Furchtbar schmutzig u. naß, konnte"/>
               </TextLine>
               <TextLine ID="r1l20"
                         BASELINE="3375"
                         HEIGHT="256"
                         WIDTH="1709"
                         VPOS="3119"
                         HPOS="764">
                  <String ID="string_r1l20"
                          HEIGHT="256"
                          WIDTH="1709"
                          VPOS="3119"
                          HPOS="764"
                          CONTENT="nicht nach Fossilien suchen. J"/>
               </TextLine>
               <TextLine ID="r1l21"
                         BASELINE="3529"
                         HEIGHT="287"
                         WIDTH="2841"
                         VPOS="3242"
                         HPOS="969">
                  <String ID="string_r1l21"
                          HEIGHT="287"
                          WIDTH="2841"
                          VPOS="3242"
                          HPOS="969"
                          CONTENT="Janensch fand oberflächlich in Deckschicht ein rotes"/>
               </TextLine>
               <TextLine ID="r1l22"
                         BASELINE="3701"
                         HEIGHT="287"
                         WIDTH="2999"
                         VPOS="3414"
                         HPOS="720">
                  <String ID="string_r1l22"
                          HEIGHT="287"
                          WIDTH="2999"
                          VPOS="3414"
                          HPOS="720"
                          CONTENT="Gestein mit mehreren kleinen Belemniten."/>
               </TextLine>
               <TextLine ID="r1l23"
                         BASELINE="3871"
                         HEIGHT="278"
                         WIDTH="3026"
                         VPOS="3593"
                         HPOS="752">
                  <String ID="string_r1l23"
                          HEIGHT="278"
                          WIDTH="3026"
                          VPOS="3593"
                          HPOS="752"
                          CONTENT="Streichen aller Schichten am Wege NO. In einem"/>
               </TextLine>
               <TextLine ID="r1l24"
                         BASELINE="4083"
                         HEIGHT="234"
                         WIDTH="3271"
                         VPOS="3849"
                         HPOS="692">
                  <String ID="string_r1l24"
                          HEIGHT="234"
                          WIDTH="3271"
                          VPOS="3849"
                          HPOS="692"
                          CONTENT="Hügelzug, der schöne Blicke auf d. fast ebene Land"/>
               </TextLine>
               <TextLine ID="r1l25"
                         BASELINE="4236"
                         HEIGHT="259"
                         WIDTH="3261"
                         VPOS="3977"
                         HPOS="725">
                  <String ID="string_r1l25"
                          HEIGHT="259"
                          WIDTH="3261"
                          VPOS="3977"
                          HPOS="725"
                          CONTENT="nach allen Seiten gewährte (Kungwe durch Wolken"/>
               </TextLine>
               <TextLine ID="r1l26"
                         BASELINE="4377"
                         HEIGHT="269"
                         WIDTH="1787"
                         VPOS="4108"
                         HPOS="738">
                  <String ID="string_r1l26"
                          HEIGHT="269"
                          WIDTH="1787"
                          VPOS="4108"
                          HPOS="738"
                          CONTENT="verdeckt) einige Kalklagen."/>
               </TextLine>
               <TextLine ID="r1l27"
                         BASELINE="4553"
                         HEIGHT="314"
                         WIDTH="3013"
                         VPOS="4239"
                         HPOS="927">
                  <String ID="string_r1l27"
                          HEIGHT="314"
                          WIDTH="3013"
                          VPOS="4239"
                          HPOS="927"
                          CONTENT="Gegen 11 beim Jumben Biro Lager bezogen. Trotz"/>
               </TextLine>
               <TextLine ID="line_1583140279085_197"
                         BASELINE="4528"
                         HEIGHT="124"
                         WIDTH="376"
                         VPOS="4404"
                         HPOS="2240">
                  <String ID="string_line_1583140279085_197"
                          HEIGHT="124"
                          WIDTH="376"
                          VPOS="4404"
                          HPOS="2240"
                          CONTENT="Sabiro"/>
               </TextLine>
               <TextLine ID="r1l30"
                         BASELINE="4711"
                         HEIGHT="259"
                         WIDTH="3228"
                         VPOS="4452"
                         HPOS="691">
                  <String ID="string_r1l30"
                          HEIGHT="259"
                          WIDTH="3228"
                          VPOS="4452"
                          HPOS="691"
                          CONTENT="nur 3½ Std. Marsch ermüdet durch Gradheit der Straße"/>
               </TextLine>
               <TextLine ID="r1l31"
                         BASELINE="4918"
                         HEIGHT="312"
                         WIDTH="3366"
                         VPOS="4606"
                         HPOS="707">
                  <String ID="string_r1l31"
                          HEIGHT="312"
                          WIDTH="3366"
                          VPOS="4606"
                          HPOS="707"
                          CONTENT="u. sehr schwieriges Stampfen in d. feuchten Niederungen."/>
               </TextLine>
            </TextBlock>
         </PrintSpace>
      </Page>
   </Layout>
</alto>
