4324 5213
305 218 196 239 62

506 255 2906 300 in Graben II ein sehr eigenartiger langer Halswirbel.

568 433 3177 315 Mittags mit meinem Zelt nach Janensch's Beispiel unter

526 645 3323 179 ein geräumiges Dach gezogen. Mich lockte dabei vor allem

526 791 3274 232 ein eigenes Arbeitszimmer, wo ich eigenen Plänen nach„

535 950 676 256 gehen kann.

767 1057 3164 305 28. Aug. Einige Knochen abgezeichnet. Photogr. kopiert, Briefe

540 1305 3065 201 fertig gestellt. Lese Weber's „Demokrit“ ohne groß Behagen.

742 1497 3066 217 Sonntag 29. Aug. Um ½4 aufgestanden, von 5-11½ Barappi's

496 1610 3487 303 u. anderes Wild vergeblich jenseits des Maimbui gesucht. Glaube

499 1789 3363 275 in den Deckschichten (gelbe Mergel auf d. Saurierschichten) Fossilien

499 1935 3407 282 zu finden, die auch die Nordspitze des Tendaguru mit einbeziehen

499 2161 512 190 würden.

735 2221 3124 293 Nachm. Ein wenig zum „Leben“ niedergeschrieben, obwohl mir

488 2468 3483 221 „Jesus“ dringender erscheint u. jenes doch ersterben dürfte. Diese

508 2619 3237 228 Tage recht heiß, mittags 32° im Schatten. Wenn der Seewind

488 2720 3271 329 nicht wäre, könnten wir's schwer ertragen. Mir fällt ein,

489 2905 3333 311 daß ich seit etwa 2 Monaten keine Schwalben mehr gesehen

499 3011 3284 381 habe. Nach dem Abendbrot habe ich zuweilen das Bedürfnis

513 3157 3270 297 nach schriftlicher Arbeit. Vielleicht läßt sich ethnologisch etwas

511 3463 454 210 machen.

633 3776 3363 329 31. Aug. morgens d. Weg zum Kerani Ligoma abgeklopft. Finde

434 3993 3532 299 überall die Saurierschichten in 3 Stufen (Staffeln?) ausgebreitet u.

450 4120 3500 273 an d. Rändern Konglomerate u. sehr feste Sandsteine m. glatter

420 4290 3546 329 Oberfläche (anderweitig fossilführend), über deren Stellung zu d.

418 4438 3475 271 Saurierschichten ich keine Klarheit gewinnen kann. Heut sah ich

398 4630 3602 289 sie an einer Stelle darüber liegen, doch können sie auch ledig„

426 4731 3578 276 lich fazielle Abweichungen sein. Ein armseliges künstliches Wasser„
