4324 5213
320 184 253 189 110

484 171 3276 371 lag denn auch ganz in unsrer Nähe ein schwer

525 385 3269 373 angeschossenes Tier, ich erlegte es bald; leider ein

499 594 3406 246 Weibchen, die bei dieser Art kein Gehörn tragen. Jetzt

516 781 3413 299 wollte ich nach Haus, stieß aber wiederum alsbald

563 943 3276 331 auf d. Herde, machte noch einen schwachen Versuch

571 1141 3373 316 zu verfolgen, mußte aber abstehen. Bei den nächsten

582 1314 3266 344 Hütten legte ich mich unter's überhängende Dach

532 1540 3448 229 auf eine kitanda u. blieb hier, da ich den Marsch

596 1653 3350 325 in d. Sonne fürchtete, über Mittag 3 Std. liegen, die

600 1869 3370 278 Kopfschmerzen waren nicht zu arg, aber immerhin

539 1980 3386 325 lähmend. Zum Glück kam ein Regen, der etwas

548 2192 3307 334 abkühlte u. d. Sonne auf einige Zeit gefangen

534 2330 3319 421 hielt. Ich benutzte das zur Rückkehr in's Lager,

564 2521 3396 385 wo Janensch eine halbe Std. vor mir unverrich„

524 2694 3315 379 teter Sache h. gleichfalls eingetroffen war. Ich

565 2875 3253 417 hatte wenig Appetit u. mußte liegen; fühlte mich

575 3051 3284 370 im Übrigen aber durchaus wohl u. fieberfrei.

536 3292 3463 317 Des schönen Platzes wegen blieben wir auch heut

548 3496 776 303 nacht hier.

911 3594 3046 326 Die eingetroffene Post machte den Abend noch

568 3814 792 267 erfreulicher.

814 3891 2295 346 20 Dez: Früh in's Lager zurück.

842 4083 3156 294 21 „ Morgens wieder zum Mtapaiasaurus, auf

589 4244 3126 280 Neben- u. Umwegen durch's Pori. Nichts gesehen.

690 4390 3321 321 Begonnen in Wilh. Busch zu lesen. Ein rechter Heine,

503 4622 3450 304 imponierende Sprachbeherrschung, dazu noch glänzender
