4324 5213
3755 176 207 176 91

529 269 3529 228 Photographieen kopiert. Reuter „ut mine Stromtid“ gelesen:

606 371 3350 311 Es ist wie eine Reise in die deutsche Heimat. Eine Wärme,

594 544 3394 260 und eine Wonne, wie sie selten aus Büchern strömen.

850 783 3185 231 Erfahre von einer Sage, nach der die Sprachenunterschiede

541 925 3403 225 durch eine 3-tägige Hungersnot entstanden seien - also

549 1032 3481 236 d. Verwirrung von Babylon, nur tritt für den Gott der

556 1283 838 226 Hunger ein.

718 1379 3278 277 22. Nov. Skelett S (in d. 2. Stufe) entwickelt sich prächtig.

570 1598 3386 272 Treitschke „Ausgewählte Schriften“ gelesen. Etwas reichlicher

527 1796 2463 263 Pathos, aber klar u. knapp u. lebendig.

803 1907 3291 230 Abds u. morgens in d. Schamben, ohne Wild zu sehen.

710 2133 3373 223 23. Nov. Morgens Knochentransport von 127 Lasten nach Lindi.

594 2318 3307 213 Uns fallen hier nicht Steine, sondern Knochen von dem

586 2410 3526 273 Herzen. Die Träger hat unser energischer u. tätiger Aufseher

601 2596 3355 251 Mohammadi requiriert, indem er von Sonntag nachm.

626 2815 3182 204 4 Uhr bis Montag früh um 9 auf d. Beinen war; er

604 2906 3492 283 ging durch die Dörfer, klopfte an jedem Haus an, weckte

543 3075 3483 237 Die Schlafenden mit der freundlichen Aufforderung:

516 3238 3396 279 „haia safari!“ und schickte sie noch nachts in's Lager.

572 3369 3247 292 Wenn d. Jumben gewollt hätten, hätten sie also

583 3561 3425 310 gekonnt. D. Leute gehen angeblich sogar sehr gern, sind

572 3775 3190 256 also möglichenfalls direkt verhindert oder nicht

577 3917 1503 304 benachrichtigt worden.

796 4021 2975 337 Ganz wolkenloser Himmel, aber frischer Wind.

553 4236 3329 297 Viele Schwalben über die Lager. Die Fliegen sind

559 4393 3501 288 jetzt nicht reichlicher als sonst zur Trockenzeit, es handelt

509 4518 3273 333 sich also um Züge in weitere Ferne. Ob's Boten

534 4716 1659 274 aus der Heimat sind?
