4324 5213
343 214 115 262 70

531 179 3299 283 u. verloren. Als ich dann Rebhühnern nachging, pfiff

533 367 3370 287 mich Ali zurück: ein Puduka, mußte wieder d. Gewehr

584 501 3404 310 wechseln u. d. raschelnden Laubes wegen auf reich„

612 724 3255 293 lich 100 m. schießen. D. Kugel ging zwischen seinen

592 835 3399 314 Beinen in d. Erde. Beim ferneren Rückweg ging

599 997 3398 351 ein Barappi hoch, das wir über ½ Std. weit ver„

631 1177 3365 383 folgten, ohne es indessen noch einmal zu sehen,

595 1368 1952 362 zu d. Arbeitsplatz v. Mtapaia.

884 1606 3015 312 24. Sept. Dicht am Lager wird ein prächtiges Sakrum

629 1744 3191 260 mit beiden Ilea von einer sehr zierlichen Form aufge„

660 1894 3148 283 deckt. Im nahen Bachbett südl. d. Lagers einen

607 2015 3352 391 schönen Fossilfundpunkt in Trigonien-Schichten weiter

630 2181 2337 373 ausgebeutet, darunter ein Seeigel.

885 2346 2864 309 Ankunft d. Post. Abd. m. Janensch zum „Aus

589 2538 3126 333 sichtspunkt“ am Wege nach Nanundo; im Tale

578 2755 529 241 dunstig.

876 2874 1287 329 Sonntag d. 25. Sept:

712 3027 3255 328 Mit Ali vom Lager östlich durch das Pori bis zu dem

505 3216 3472 278 roten Hügelzug Lipungiro (1 Std.) Ihm sind  hier am nörd„

541 3362 3423 284 lichen Ende vorgelagert Anhöhen aus Saurierschichten u. darauf

535 3537 3473 246 liegendem Trigonien-Konglomerat mit Austern. Je breiter

528 3665 3452 248 diese Vorstufe nach N hin wird, daß stärker wird sie von

529 3803 3330 282 der Erosion zerschnitten, anfangs nur nach W, dann

533 3943 3356 257 mehr u. mehr nach N. entwässernd. Überhaupt scheint d.

501 4110 3284 330 Erosion in d. N-Richtung allmählich die Überhand zu

544 4255 3371 335 gewinnen, ich sah angezapfte u. trocken gelegte Täler

525 4389 3365 333 von großer Klarheit. Auf dem Lipungiro selbst sieht

530 4623 3455 238 man hier nur eine einzige Decke von Geröllen, fast
