4324 5213
3842 167 226 188 153

352 222 3516 264 Sonntag d. 13.III: Da Herr Schwarz noch nicht zurück, Ausflüge.

519 360 3374 274 Janensch m. Frl. Schwarz u. einem jungen sympathischen

476 504 3400 245 Werkleiter in d. Urwald auf dem höchsten Plateau des

480 640 3543 315 Gebirges; ich konnte des Fußes wegen mich nicht betei„

542 775 3512 296 ligen u. ging mit dem jüngsten Bruder nach Kibuku

520 975 3511 236 auf d. rechten Talseite hinüber, wo ein andrer Bruder

532 1097 3280 295 sich m. Frau u. Töchterlein womöglich noch hübscher

536 1251 3351 246 angebaut hat. Er sollte über Versteinerungen in d.

533 1383 3259 260 Pugu-Bergen Bescheid wissen, was mir höchst wichtig

519 1629 3476 210 schien, leider Auskunft sehr spärlich. Wir mußten zum

498 1773 3507 254 Mittagessen bleiben, sehr angenehmer Aufenthalt. Um„

518 1973 3372 253 gebung großartig aber am ergreifendsten das von

483 2094 3449 295 dieser Brüderschar hier in Weltenferne Geleistete.

661 2269 3329 243 14.III. Fr. Schwarz mußte im aller Frühe u. Dunkel„

556 2433 3477 327 heit zum Mlali hinabreiten, weil ihr Mann auf d.

510 2612 3320 298 Rückwege Fieber bekommen hatte. Bei d. ersten

521 2790 3383 262 Nachricht für mich ein Freudenstrahl: nun könnten wir

523 2915 3556 269 auch ganz früh aufbrechen, ohne des Frühstücks wegen

480 3060 3420 311 Ansprüche an unsre frdl. Gastgeber zu stellen. Aber ich

509 3258 3447 343 hatte nicht mit Janensch gerechnet. Auch heut sah er

526 3448 3389 334 „keinen Grund“ früher aufzustehen. Ich ging die Straße

520 3651 3378 283 entlang, er auf d. Wege, den ich gekommen war.

536 3814 3567 259 Kostbare Wanderung in d. Bergen am Morgen. Mein

497 3986 3536 323 Fuß heut in Ordnung, meldete sich erst nachmittags

503 4192 3547 222 infolge des dauernden Absteigens wieder. Am Mgeta

487 4329 3611 347 Mittagsrast, nachdem wir in d. Mission vorgesprochen u.

471 4502 3209 289 um Träger gebeten hatten. Eigenartige Mission!!
