4324 5214
237 234 273 181 150

435 201 3530 359 fahren muß, u. manchen andern Pflanzer. Seltsame

479 450 3493 282 Blüten! Jedenfalls war von dem Einigkeitsstand„

453 589 3584 328 punkt der Regierung gegenüber, wie er in d. Presse

453 766 3602 350 zum Ausdruck kommt, nichts zu merken. Das Niveau

437 933 3486 340 der Unterhaltung erschreckend bescheiden trotz vielen

433 1142 1889 306 Aufwands an Temperament.

689 1229 3204 363 Angesichts der gewaltigen Gneißfaltungen im Mikesse-

483 1407 3485 289 Gebiet hatte ich mir d. Ansicht gebildet, die Inselberge ein„

488 1564 3441 367 schließlich Uluguru seien die noch herausragenden Reste

466 1726 3461 332 eines gewaltigen im eigenen Schutt begrabenen

528 1897 3463 300 Gebirges (etwa nach Analogie des mexikanischen Plateaus)

542 2124 3378 280 Ich sah aber heut auch im ebenen Gelände an Bahn„

546 2215 3263 317 einschnitten häufig anstehendes Gestein statt Schutt,

544 2435 2106 314 muß also wohl weiter suchen.

798 2514 3027 343 8.III: Janensch mußte auf's Bezirksamt, wohin ich

557 2729 3302 333 ihn begleitete. Ich folgte dann der herrlichen Straße

540 2871 3220 279 über die Villen (es kommt mir vor als, sei ich

541 3048 3223 252 in einem Badeort des südl. Tatra-Randes, die

574 3170 3373 325 Mission sieht aus wie ein vornehmes Hotel) auf„

542 3322 3429 294 wärts, meist noch im Schatten, bis zu ein paar

577 3468 3460 343 prachtvoll gelegenen Hütten,  wo aus noch größerer

566 3626 3432 332 Höhe die Sprengungen der Glimmerbergwerke herü„

562 3758 3295 348 ber dröhnten. Blick auf die Vorberge im Süden

556 3898 3440 411 durch üppige Vegetation. Zum ersten Mal in Afrika

578 4109 3370 371 ein größeres Streckchen Weges ganz allein, auch ohne

556 4254 3345 415 schwarze Begleitung, da Boys u. Träger zu Fuß vor„

607 4414 3253 418 ausgeschickt. Die Einsamkeit in der grandiosen Natur
