4324 5213
3621 124 139 168 55

636 233 3449 213 Strindberg gelesen. Eine Sammlung von Unflat u. Stumpfsinn,

579 354 3260 212 keine Handlung, kein Gedanke, keine Schönheit. Aber auch er

557 458 1385 248 findet seine Anhänger!

444 945 3652 245 Sonntag d. 8. August: Wollte morgens einen größeren Jagd„

465 1144 3550 201 ausflug unternehmen, fühlte mich aber gestern u. nachts

457 1279 3636 243 nicht ganz wohl (wieder Verdauungsstörungen) Um 8 ging

434 1468 3545 250 ich dennoch, da die Luft sehr zum Gehen einlud u. ich

458 1616 3575 222 im Lager nicht lange ruhen mag. Wollte es anfangs

443 1816 3439 222 wieder aufgeben, wurde jedoch weiter u. weiter

487 1923 3391 285 getrieben. Den Mtapa-Bach abwärts, dessen trockenes,

430 2115 3440 290 sandiges, breites Bett in dem noch dichten Grün

435 2245 3390 254 den Eindruck eines Laubenganges machte, aber

461 2405 3386 295 gleichzeitig jedes Abweichen verhinderte, sondern

464 2513 3405 327 uns zwang bis zur Barrabarra zu folgen. Schopf„

451 2663 3598 363 perlhühner verfolgt u. erlegt. Mächtige Profil-Anschnitte

473 2815 3573 290 in (knochenlosen) Saurierschichten. Recht müde, legte mich

461 3002 2158 347 vorsichtshalber vor Tisch zu Bett.

800 3241 1261 288 Nachm. Lager-Siesta.

575 3369 3216 341 Dienstag d. 10. August: In d. Nacht ziemlich kräftiger

500 3543 3298 259 Regen, der sich im Zelte noch heftiger anhörte. Böse

490 3692 3555 271 Bilder störten mir die Nachtruhe: in d. Gräben stehen

491 3790 3549 283 auf ihren Sockeln noch so viele gute Knochen, sollten

481 3950 3374 356 sie herabgewaschen, zerstört werden, ohne daß ich zu

491 4063 3552 356 Hilfe eilen konnte, sollte die Frucht von Monaten

506 4228 3552 285 verderben? In aller Frühe stand ich auf u. ging zu den

512 4412 3557 240 nächsten Gräben. Alles in gutem Zustand, d. Wasser ist von

492 4514 3514 287 d. trockenen Boden gierig eingesogen worden u. hat

485 4659 3266 312 auch im Fallen kein Unheil angerichtet. Es regnet
