4324 5213
3723 229 130 137 45

408 224 3607 321 Verpflegungsschwierigkeiten, sehe mich daher zu mei„

384 496 3630 258 nem Bedauern gezwungen zu requirieren, bezahle

371 610 3705 260 aber gut, um d. Schau vor Safari's zu überwinden.

500 809 3302 197 25. Juli Ab ½6, ich m. Gewehr voraus, Puduka u. Ngorombwe

383 944 3541 306 gesehen, aber nicht zum Schuß gekommen. Frische Löwenspur.

420 1001 3571 351 Zu meiner Überraschung u. großen Enttäuschung führte die

407 1175 3306 316 barrabarra v. Kilwa nicht auf d. höchsten Grat des

377 1313 3553 294 Mbalawala, sondern über den sehr ebenen, ganz zum

367 1449 3565 294 Schluß sanft zum Abhang hin aufsteigenden Rücken

433 1606 3475 280 oder Plateau, dem jener Berg noch - deutlich abgesetzt -

414 1704 3614 308 aufsitzt. Da d. Plateau an d. Rändern rote Sandsteine auf„

419 1826 3513 300 wies, die ich einstweilen nur für Makonde-Schichten

390 1953 3478 392 halten kann, wäre ich um so begieriger gewesen, ihr

401 2108 3671 370 Hangendes kennen zu lernen. Außerdem entgingen

445 2226 3491 330 mir aber des Pori's wegen alle erhofften Überblicke

426 2371 3557 312 über die Berge im Norden u. Osten u. d. Land im

393 2501 3520 365 Westen. Das jenseits des Pindiro liegende Plateau (auf

394 2680 2377 288 d. Karte m. d. Namen eines Flusses

2692 2623 267 138 Ruawa

2720 2613 1392 236 bezeichnet) zeigte gestern

446 2742 3517 376 oben steilere Abstiege als unten, sodaß ich oben härteres

415 2868 3530 425 Gestein annehmen mußte. D. Eingebornen bezeichnen als

446 3018 3430 417 Mbalawala zwei recht scharf getrennte Höhenstufen, haben

424 3214 3580 336 dagegen d. Namen Itukuru für ein zwar geologisch Ver„

410 3369 3426 437 schiedenes, mir aber geographisch m. d. unteren Stufe

450 3512 3479 431 zusammen gehörig Erscheinendes. Auf d. Plateau fand ich

489 3681 3287 344 dicht bei einander einige Blöcke von verschiedener

428 3818 3483 417 (ursprünglich bläulicher?) Farbe, d. vielleicht aus d. höheren

460 4014 3632 295 Aufsatz des Mbalawala stammten, sonst nur sehr feinen

422 4140 3557 407 strandartigen weißen bis rötlichen Sand, der d. Gehen ein

413 4265 3593 365 wenig erschwerte. Beim Abstieg fand ich unter d. roten

433 4470 3656 289 Sandsteinen, aber durch Terrainstufen u. Täler getrennt

394 4623 3533 348 also nicht sicher zeitlich einander folgend: Sehr festes, chalce,
