4324 5213
311 254 172 166 98

632 196 3269 294 4. Dez. Morgens 5 Uhr Abmarsch über Kitulo-Rücken in's breite

536 389 3254 226 Lukuledi-Tal. Beim Aufstieg Einfallen d. Nummuliten-Schicht gegen

546 576 3024 197 den Berg beobachtet. Jenseits auf breiter geschotterter Straße durch

546 644 3260 237 Schwemmland. Kurze Rast im Schatten eines Dorfs. Kokosmilch voller

569 760 3184 307 Wonne geschlürft. In Ngapa Mittagsrast, da schattige Schaurihalle

586 923 3160 256 vorhanden. Um 2 weitergezogen, durch eine Pflanzung bis

613 1050 3329 224 in's Lutamba-Tal, ein weites Becken zw. d. verhältnismäßig

623 1247 3171 186 niedrigen Rändern des Noto-u. Rondo-Plateaus. Ankunft bei

634 1365 2740 250 einem alleinwohnenden, armseligen Jumben gegen 4.

533 1512 3383 279 Sonntag d. 5. Dez. ½5 Aufbruch üb. Tendangongoro-See auf eine Höhe,

617 1671 3031 222 von der aus plötzlich Blick auf d. Lutamba-See. In dessen

603 1768 3235 279 Hintergrunde scharf aus d. Plateau des Rondo herausgeschnittene

622 1908 3173 241 Kuppen u. Spitzen. Hatte ein Puduka am Wege schießen wollen, das

611 2032 3320 260 Gewehr versagte viermal; wollte um Kibokos zu schießen, Vollmantel laden,

650 2169 3045 275 d. Patrone ging wieder aus d. Leim u. schüttete mir d. Lauf voll

634 2310 3331 289 Pulver; wollte an einer schönen Stelle malen, aber Ali hatte d. Apparat

621 2414 3308 306 ohne Films, d. Ölsachen ohne Pinsel, d. Aquarellsachen ohne Farben einge„

672 2556 3284 309 packt. Daher etwas ärgerlich. Daß bis zum nächsten Dorf noch 3 Std.

669 2711 3278 279 in großer Hitze zu laufen war, besserte meine Stimmung we„

691 2826 3027 335 nig. Und doch war der See, zumal die Stelle, von der ich

641 2995 3303 287 wenigstens eine flüchtige Zeichnung aufnahm, so überaus köstlich.

659 3231 3191 244 Es war eine vorspringende Landzunge od. eigentlich Insel, denn

680 3304 3221 303 sie wurde durch einen schilfbewachsenen aber trockenen Graben

700 3453 3128 258 abgetrennt, über den eine gänzlich zerfallene Brücke einem

688 3634 3223 274 gleichfalls verlassenen u. wüsten, b. ehemals befestigten Platze

741 3754 3082 294 zuführte. Der Blick von hier bot wirklich in d. Umrahmung

705 3913 3001 265 u. dem schönen Hintergrunde ein Bild von ausgesucht

678 4079 3135 277 künstlerischer Harmonie. Nilpferde u. Krokodile bekam ich

662 4219 3210 275 nicht zu sehen, ebensowenig Wasserböcke, deren Spuren ich

672 4369 3203 291 nach Tisch auf mehrstündigem Jagdausfluge verfolgte in

683 4540 3292 245 einem schönen Walde mit grünem Grasteppich. Sehr erstaunt

693 4706 3333 214 war ich mehrmals durch fließendes Wasser waten zu müssen,
