4324 5213
319 201 143 179 66

551 233 2092 280 Vorschein an verschiedenen Plätzen.

778 473 3172 201 9 Sept. Mein diesmal anscheinend harmloserer Durch„

538 571 3194 253 fall verlangt heut dringend Schonung u. zwingt mich,

544 707 2854 232 das Bett zu hüten. Scene Jesus-Pilatus begonnen.

700 881 3146 231 10 Sept. Aufgestanden, aber noch Schonung. Niedergeschrieben,

562 1031 3048 219 auch Ethnologisches für Naturw. Wochenschr. begonnen.

748 1203 3053 261 Neuer Arbeitsplatz hinter d. Tendaguru in Angriff

585 1409 807 215 genommen.

673 1560 3181 201 11. Sept. Muß noch d. Lager hüten, mache einige Rund„

534 1661 3350 244 gänge in d. Nähe, die mir aber noch schwer fallen.

632 1825 776 257 Poscho-Zahlung.

763 1906 3213 293 Sonntag d. 12. Sept. Vorm. Im Lager geblieben, während Janensch

515 2081 3404 354 jagte, benutzte die gute Gelegenheit zu weiterem Niederschreiben, besonders

545 2237 3367 323 des ethnolog. Aufsatzes. Ich kann in Gegenwart oder mit Wissen

545 2329 3422 352 eines Fremden nichts leisten, wäre ich ganz  allein, würde

552 2479 2552 407 ich zweifellos mehr von der Stelle bringen.

819 2772 851 242 Ne umayo gelesen.

700 2809 3284 374 13 u. 14.IX. Gräben in der Nähe besichtigt. Plan der Grabungsplätze, Briefe

598 3000 3253 342 15. Sept. Wieder soweit in Ordnuer, daß ich mich üb. den Maimbui

547 3158 3351 323 führen lasse, um neuen Knochenfund zu besichtigen. Durch Mißver„

546 3231 3367 409 ständnis kam ich nicht dorthin, ließ mich daher zu einer noch nicht

571 3444 3407 350 gesehenen Wasserstelle führen u. fand dort in traulichem Verein Affen,

568 3586 3420 300 Perlhühner u. ein Ngorombwe, welch letzteres ich auf ca 80-100 m. glück„

560 3737 2922 334 lich erlegte. Fühlte mich beim Gehen noch recht schwach.

735 3847 3267 341 Abd. Im Lagerdorf kommt Feuer aus u. vernichtet 5 od. 6 Hütten, an

578 3977 3368 353 denen ja freilich nichts verloren ist. Die Leute wissen dergl. recht diszi„

554 4085 3350 405 pliniert zu bekämpfen. Nachher fiel Alles wieder über die Wamuera

567 4263 3240 315 her die an allem schuld seien, doch zum Schluß reinigten sie die

559 4344 2858 341 Brandstätte  unter Gesang, ihre Heiterkeit ist feuerfest.
