4324 5213
3797 126 224 208 143

468 185 3369 280 hervorragenden Führer, an den vor 2 Jahren in diesem

438 342 3663 276 Lande gefressenen Unteroffizier u. d. herrschende Hungersnot,

447 482 3512 344 so daß ich selbst meine Leute beargwöhnte, als zufällig

500 734 3448 266 mehrere an mich herantraten, sämtlich d. Hände auf

502 859 3445 262 d. Rücken. Ich entsandte J.'s Boy m. meiner Büchse

512 1092 3584 226 (vielleicht unvorsichtig) dorthin, wo d. Schüsse gehört worden

532 1177 3325 244 waren u. schoß auch selbst 3 mal im Lager m. d.

528 1353 3186 254 Flinte. D. Sonne ging unter, es wurde dunkel,

522 1586 3526 161 Leute erboten sich zum Suchen, ich hielt sie zurück, denn

509 1698 3389 227 es war sinnlos in d. Unendlichkeit, Nacht u. Gras„

559 1850 3447 268 wüste, zumal wir nicht wußten, wohin J. gegan„

532 2052 3291 286 gen war. Um 7 erschien J. mit seinen Begleitern

541 2232 3495 297 ganz frisch u. vergnügt: er hatte 2 Gnus angeschossen u.

543 2397 3219 332 verfolgt, bis er sie hatte. Es war wie alle die

576 2556 3262 329 Tage nicht sehr heiß, immerhin alle Anerkennung

599 2822 1169 245 für diese Ausdauer.

753 2926 3052 336 24.II: Abmarsch längs der Barrabarra zum

597 3195 3295 254 Jumben Biro. Jetzt war ich über J. wieder etwas

597 3318 3371 235 ärgerlich, denn ehe er morgens fortkommt, dauert's

606 3485 3494 285 wer weiß wie lange: d. Leute wollen d. Zelte abreißen,

598 3697 3323 276 er muß erst noch eine Aufnahme machen, wozu 3 Tage

641 3898 3173 252 Zeit gewesen waren; d. Träger sind schon voraus

565 4098 3354 225 (mir ohnehin unsympathisch), er muß sich erst noch um

553 4313 3360 154 d. Verteilung d. zurückgelassenen Fleisches kümmern.

597 4438 3112 276 Schließlich wartete ich nicht länger u. eilte, bis ich

579 4600 3237 202 wieder an d. Spitze d. Karawane kam, hatte dann
