4324 5213
315 225 166 166 84

460 231 2236 258 von mir) wilde Hunde im Osten gehört.

681 343 2344 286 Blieb den Tag über im Lager. „Jesus“.

695 559 3248 249 1. Nov. Boheti macht sich ohne Auftrag mit Feuereifer an d.

480 672 3267 242 Präparierung der Stelle im Graben IX, wo viele Zähne auf

474 846 3338 241 Nähe von Schädelteilen deuteten u. deckt 5 im Zusam„

534 960 3362 259 menhange befindliche Zähne auf. Schädelknochen dagegen

521 1118 2208 281 ganz unvollständig u. elend erhalten.

694 1273 3093 229 Abds. zum Maïmbui, da einer d. Leute in diesen

583 1421 3043 293 Tagen die Barappiherde gesehen hat. Hätte er's nur

539 1607 1722 262 eher gesagt! Wieder nichts.

734 1780 2999 277 2. Oct Nov. Brief v. Janensch. Erhalte Nachricht von einer

484 1948 3411 240 Ndogolo-Herde zw. Mtapaia u. Kindope am Lilahi. Be„

491 2142 3272 235 schließe augenblicklich hinzugehen. Möchte gern auch diese

533 2227 3315 291 Art kennen lernen u. möglichst schießen, ferner d. Kno„

511 2411 3304 288 chenfunde in u. bei Mtapaia auf d. Möglichkeit des Ab„

526 2554 3294 279 hebens hin  zu besichtigen (in d. Nähe d. Lagers. ist kaum Arbeit

546 2723 3298 296 genug f. d. Packer, solange Kamba fehlt). Da aber an einem Tage

542 2885 3362 242 kaum durchzuführen u. ich mich nicht v. d. Arbeit ganz entfernen

563 3056 3293 239 darf, ziehe ich nachm. m. d. Reservezelt auf eine Nacht nach

559 3186 3379 259 Mtapaia zum Greis Liwengwa, einem sog. mtu mkubwa, bei dem

543 3295 3341 279 auch Sattler früher übernachtet hat. Ein mächtiger freier Platz, einge„

577 3482 3270 221 faßt von schönen hohen Bäumen, mitten darauf gleichfalls

545 3592 3165 281 ein schöngewachsener Baum u. etwas hochgelegen die

521 3703 3299 295 Negerhütten. Kein übles Logis. Schöne Sternennacht. Am

540 3860 3257 339 Abend wollte ich meinen Leuten etwas schießen u.

551 4046 3405 246 nahe gelegene früher entdeckte Knochen besehen, fand aber

569 4248 3303 194 weder Knochen noch Wild, u. konnte Perlhühner nicht

575 4380 3369 186 mehr fassen, als mir d. Vogelgewehr nachgebracht wurde.

820 4588 364 225 3 Oct

1040 4518 205 140 Nov.

1140 4539 2751 253 Vor 5 zum Lilahi aufgebrochen. Sehr bald die

540 4754 3281 228 Spuren der Herde von heut nacht gefunden u. Alles
