4324 5213
296 239 243 198 114

673 188 3257 375 26. Dez. Zu Bett geblieben. Begonnen Frenssen:

595 438 1464 284 „Klaus Hinrich Baas“.

731 560 3293 384 27 Dez. Aufgestanden, aber noch geruht. Appetit gering,

613 744 2757 362 zuweilen innere Hitze, aber kein Fieber.

780 930 3162 275 28 Dez: Frenssen beendigt. Mir gefällt sein starker,

646 1074 3291 407 schlichter Stil, seine zahlreichen gut beobachteten Por„

644 1263 3372 324 träts u. manche wundervolle Landschafts-Stimmungs-

624 1447 3359 328 Malerei. Er hat sich gehörig in Welt und Leben umge„

646 1606 3177 337 tan. Mich stört ein wenig, wie schon in Hilligenlei

623 1790 3246 341 das sehr stark sinnliche Beiwerk, obwohl es bei ihm

659 1902 3202 362 durchaus natürlich u. nicht gemacht ist, u. obwohl er

627 2103 3276 366 sich damit nur gegen die ihm ganz, mir mindestens

672 2259 3221 366 halb falsch erscheinende Behandlung der geschlechtlichen

640 2468 3275 314 Beziehungen in der heutigen Gesellschaft auflehnen

645 2623 3255 363 will. Aber bei ihm ist schon das ganze Kinderleben

647 2843 3224 267 voll davon, u. das erscheint mir unwahrscheinlich

669 2983 3338 372 zumal bei seinen kernechten Norddeutschen. Und dann

686 3207 3134 303 erregt meinen Widerspruch sein Feldzug gegen den

654 3371 3301 285 unpraktischen „Idealismus des Deutschen“, der dem Men„

663 3547 3325 318 schen nicht schon in der Schule graue Alltagsbilder bie„

676 3758 3048 229 tet. Muß denn immer Alles in Realismus u.

668 3960 3414 226 Idealismus als feindliche Welten gespalten werden?

654 4176 3312 260 Gewiß sie streben auseinander, aber sie gehören

626 4291 2593 287 auch zu einander wie Mann u. Weib.

948 4435 2866 317 „Peter Moor's Fahrt nach Südwest“ vom selben

612 4680 1053 235 Autor begonnen.
