4324 5213
398 208 179 194 44

534 192 3458 289 auf der ich beim Abstieg Trigonien-Schichten m.

481 378 3482 279 Fossilien fand. Lager in Kikundi, an 12¼ Ver„

460 538 3542 304 pflegungsschwierigkeiten f. d. Leute. Schoß 2 Paga„

491 720 1660 303 geien m. einem Schuß

631 812 2708 336 Abend. Ngoma! D. Laute sind „nicht totzukriegen“.

541 1086 3391 210 24. Juli 09. Ging morgens m. Ali u. Führer voraus, schickte

278 1181 3567 285 d. Träger nach Pindiro (ca 3-3½ Std). Überschritten einen Hügel

433 1326 3487 296 (noch immer d. recht eintönige Sandstein, d. „Barrabarra“ von

432 1452 3272 283 Kiswere traf uns - mir unverständlich von links. Dann

425 1606 3406 313 bogen wir kurz vor Makangaga (m. Pindiro) links in d.

457 1780 3422 245 Talebene ab, durch Schamben in einen Busch, der von

512 1939 3259 293 einem Flüßlein buchstäblich durchströmt(?) wurde,

483 2103 3314 271 hinüber bis zum Makumba. Wurden hier an eine

482 2244 3349 312 Stelle geführt, die auf große Strecke hin in ca 20-30 m.

473 2394 3439 290 Breite voll tiefen Wassers war u. Flußpferde enthielt,

471 2570 3455 273 aber der zahlreichen Sumpfpflanzen wegen einer

379 2746 3531 335 Wiese glich. Schoß 2mal u. traf wohl d. erstemal einen

472 2901 3452 342 großen Schädel. Hätte gern noch photographiert, aber

440 3066 3439 365 von d. zahlreichen Tieren ließ sich durch 1½ Stunden

550 3231 3226 431 hin nicht eins sehen. Zurück zur Barrabarra, über d.

506 3446 3491 340 Pindiro-Fluß auf dem Itukuru-Rücken, den ich für

465 3636 3408 370 Saurierverdächtig hielt, der aber unten aus jenem

438 3833 3532 365 Sandstein, oben aus rötlichen Abhängen (Fortsetzung d.

467 4001 3536 377 Lipungiro?) besteht, soweit d. spärlichen Aufschlüsse erkennen

454 4174 3585 416 ließen. Beim Abstieg aber fand ich nicht nur Fossilien

246 4334 256 268 u. Oolith

522 4360 3481 432 , sondern auch eine scharfe Faltung feinplattiger Schiefe

538 4530 3259 448 Mehrfach Regen. Nachm. Jagdausflug ohne Erfolg. Wieder
