<?xml version="1.0" encoding="UTF-8"?>
<alto xmlns:xsi="http://www.w3.org/2001/XMLSchema-instance"
      xmlns="http://www.loc.gov/standards/alto/ns-v2#"
      xmlns:page="http://schema.primaresearch.org/PAGE/gts/pagecontent/2013-07-15"
      xsi:schemaLocation="http://www.loc.gov/standards/alto/ns-v2# http://www.loc.gov/standards/alto/alto.xsd">
   <Description>
      <MeasurementUnit>pixel</MeasurementUnit>
      <OCRProcessing ID="IdOcr">
         <ocrProcessingStep>
            <processingDateTime>2021-02-02T09:45:42.11+01:00</processingDateTime>
            <processingSoftware>
               <softwareCreator>READ COOP</softwareCreator>
               <softwareName>Transkribus</softwareName>
            </processingSoftware>
         </ocrProcessingStep>
      </OCRProcessing>
   </Description>
   <Layout>
      <Page ID="Page1" PHYSICAL_IMG_NR="1" HEIGHT="5213" WIDTH="4324">
         <TopMargin HEIGHT="0" WIDTH="4324" VPOS="0" HPOS="0"/>
         <LeftMargin HEIGHT="5213" WIDTH="0" VPOS="0" HPOS="0"/>
         <RightMargin HEIGHT="5213" WIDTH="0" VPOS="0" HPOS="4324"/>
         <BottomMargin HEIGHT="0" WIDTH="4324" VPOS="5213" HPOS="0"/>
         <PrintSpace HEIGHT="5213" WIDTH="4324" VPOS="0" HPOS="0">
            <TextBlock ID="r2" HEIGHT="4667" WIDTH="3714" VPOS="209" HPOS="379">
               <Shape>
                  <Polygon POINTS="379,209 379,4876 4093,4876 4093,209"/>
               </Shape>
               <TextLine ID="r2l1"
                         BASELINE="322"
                         HEIGHT="142"
                         WIDTH="136"
                         VPOS="180"
                         HPOS="3842">
                  <String ID="string_r2l1"
                          HEIGHT="142"
                          WIDTH="136"
                          VPOS="180"
                          HPOS="3842"
                          CONTENT="31"/>
               </TextLine>
               <TextLine ID="line_1582884774190_1482"
                         BASELINE="430"
                         HEIGHT="206"
                         WIDTH="3728"
                         VPOS="224"
                         HPOS="369">
                  <String ID="string_line_1582884774190_1482"
                          HEIGHT="206"
                          WIDTH="3728"
                          VPOS="224"
                          HPOS="369"
                          CONTENT="21. Mai Juni: Vorm. Am Graben. Endlich meine längst ersehnten"/>
               </TextLine>
               <TextLine ID="r2l4"
                         BASELINE="581"
                         HEIGHT="237"
                         WIDTH="2734"
                         VPOS="344"
                         HPOS="451">
                  <String ID="string_r2l4"
                          HEIGHT="237"
                          WIDTH="2734"
                          VPOS="344"
                          HPOS="451"
                          CONTENT="Zeltstiefel erhalten. Neue Träger nach Lindi."/>
               </TextLine>
               <TextLine ID="r2l5"
                         BASELINE="810"
                         HEIGHT="327"
                         WIDTH="3674"
                         VPOS="483"
                         HPOS="395">
                  <String ID="string_r2l5"
                          HEIGHT="327"
                          WIDTH="3674"
                          VPOS="483"
                          HPOS="395"
                          CONTENT="22. Juni: Unser schwarzer Präparator Salim hat selbstständig"/>
               </TextLine>
               <TextLine ID="r2l6"
                         BASELINE="942"
                         HEIGHT="300"
                         WIDTH="3759"
                         VPOS="642"
                         HPOS="362">
                  <String ID="string_r2l6"
                          HEIGHT="300"
                          WIDTH="3759"
                          VPOS="642"
                          HPOS="362"
                          CONTENT="auf d. Nordostseite d. Tendaguru eine äußerst glückliche Fundstelle"/>
               </TextLine>
               <TextLine ID="r2l7"
                         BASELINE="1120"
                         HEIGHT="306"
                         WIDTH="3327"
                         VPOS="814"
                         HPOS="386">
                  <String ID="string_r2l7"
                          HEIGHT="306"
                          WIDTH="3327"
                          VPOS="814"
                          HPOS="386"
                          CONTENT=" aufgedeckt u. legt sie prächtig frei. Anscheinend"/>
               </TextLine>
               <TextLine ID="line_1582884810591_1496"
                         BASELINE="1270"
                         HEIGHT="313"
                         WIDTH="3589"
                         VPOS="957"
                         HPOS="446">
                  <String ID="string_line_1582884810591_1496"
                          HEIGHT="313"
                          WIDTH="3589"
                          VPOS="957"
                          HPOS="446"
                          CONTENT="Scapula u. Vorderarm nebst zahlreichen Rippen. Hoffentlich"/>
               </TextLine>
               <TextLine ID="r2l10"
                         BASELINE="1442"
                         HEIGHT="306"
                         WIDTH="1935"
                         VPOS="1136"
                         HPOS="445">
                  <String ID="string_r2l10"
                          HEIGHT="306"
                          WIDTH="1935"
                          VPOS="1136"
                          HPOS="445"
                          CONTENT="das langgesuchte vollständige Skelett."/>
               </TextLine>
               <TextLine ID="r2l11"
                         BASELINE="1566"
                         HEIGHT="291"
                         WIDTH="3374"
                         VPOS="1275"
                         HPOS="414">
                  <String ID="string_r2l11"
                          HEIGHT="291"
                          WIDTH="3374"
                          VPOS="1275"
                          HPOS="414"
                          CONTENT="23. Juni: Gegen Mittag erscheint Hr. Kaiser, Pflanzer im"/>
               </TextLine>
               <TextLine ID="r2l12"
                         BASELINE="1696"
                         HEIGHT="267"
                         WIDTH="3356"
                         VPOS="1429"
                         HPOS="383">
                  <String ID="string_r2l12"
                          HEIGHT="267"
                          WIDTH="3356"
                          VPOS="1429"
                          HPOS="383"
                          CONTENT="Lukuledi-Tal u. Vertreter d. Lindi-Schürfges., der in"/>
               </TextLine>
               <TextLine ID="r2l13"
                         BASELINE="1851"
                         HEIGHT="281"
                         WIDTH="3494"
                         VPOS="1570"
                         HPOS="380">
                  <String ID="string_r2l13"
                          HEIGHT="281"
                          WIDTH="3494"
                          VPOS="1570"
                          HPOS="380"
                          CONTENT="Namwiranye den Granaten-Abbauplatz besichtigt hat, auf"/>
               </TextLine>
               <TextLine ID="r2l14"
                         BASELINE="2011"
                         HEIGHT="222"
                         WIDTH="3542"
                         VPOS="1789"
                         HPOS="382">
                  <String ID="string_r2l14"
                          HEIGHT="222"
                          WIDTH="3542"
                          VPOS="1789"
                          HPOS="382"
                          CONTENT="einem Umwege nach Lindi hier zu Besuch. Sehr ange„"/>
               </TextLine>
               <TextLine ID="r2l15"
                         BASELINE="2141"
                         HEIGHT="290"
                         WIDTH="3548"
                         VPOS="1851"
                         HPOS="359">
                  <String ID="string_r2l15"
                          HEIGHT="290"
                          WIDTH="3548"
                          VPOS="1851"
                          HPOS="359"
                          CONTENT="nehmer Gast. Zeigten ihm unsere Gräben u. d. Sonnen„"/>
               </TextLine>
               <TextLine ID="r2l16"
                         BASELINE="2317"
                         HEIGHT="288"
                         WIDTH="1767"
                         VPOS="2029"
                         HPOS="355">
                  <String ID="string_r2l16"
                          HEIGHT="288"
                          WIDTH="1767"
                          VPOS="2029"
                          HPOS="355"
                          CONTENT="untergang vom Tendaguru."/>
               </TextLine>
               <TextLine ID="r2l17"
                         BASELINE="2414"
                         HEIGHT="345"
                         WIDTH="3337"
                         VPOS="2069"
                         HPOS="463">
                  <String ID="string_r2l17"
                          HEIGHT="345"
                          WIDTH="3337"
                          VPOS="2069"
                          HPOS="463"
                          CONTENT="24. Juni: Briefsachen erledigt. Reisebericht f. d. „Naturw."/>
               </TextLine>
               <TextLine ID="line_1582884821308_1501"
                         BASELINE="2632"
                         HEIGHT="319"
                         WIDTH="3440"
                         VPOS="2313"
                         HPOS="385">
                  <String ID="string_line_1582884821308_1501"
                          HEIGHT="319"
                          WIDTH="3440"
                          VPOS="2313"
                          HPOS="385"
                          CONTENT="Wochenschr.“ fertig gestellt. Nachm. Abschiedstrunk f. Hrn."/>
               </TextLine>
               <TextLine ID="line_1582884827733_1506"
                         BASELINE="2768"
                         HEIGHT="297"
                         WIDTH="3472"
                         VPOS="2471"
                         HPOS="365">
                  <String ID="string_line_1582884827733_1506"
                          HEIGHT="297"
                          WIDTH="3472"
                          VPOS="2471"
                          HPOS="365"
                          CONTENT="Kaiser auf d. Tendaguru (Sekt, Kaviar). Sonnenuntergang"/>
               </TextLine>
               <TextLine ID="r2l22"
                         BASELINE="2935"
                         HEIGHT="327"
                         WIDTH="2761"
                         VPOS="2608"
                         HPOS="393">
                  <String ID="string_r2l22"
                          HEIGHT="327"
                          WIDTH="2761"
                          VPOS="2608"
                          HPOS="393"
                          CONTENT="leider durch Wolken fast ganz verhüllt."/>
               </TextLine>
               <TextLine ID="r2l23"
                         BASELINE="3048"
                         HEIGHT="328"
                         WIDTH="3225"
                         VPOS="2720"
                         HPOS="464">
                  <String ID="string_r2l23"
                          HEIGHT="328"
                          WIDTH="3225"
                          VPOS="2720"
                          HPOS="464"
                          CONTENT="25. Juni: Hr. Kaiser marschiert früh 5½ Uhr ab."/>
               </TextLine>
               <TextLine ID="r2l24"
                         BASELINE="3216"
                         HEIGHT="334"
                         WIDTH="3508"
                         VPOS="2882"
                         HPOS="413">
                  <String ID="string_r2l24"
                          HEIGHT="334"
                          WIDTH="3508"
                          VPOS="2882"
                          HPOS="413"
                          CONTENT="Salim's Fundstelle bewährt sich weiter: d. 2te Scapula"/>
               </TextLine>
               <TextLine ID="line_1582884834730_1511"
                         BASELINE="3359"
                         HEIGHT="313"
                         WIDTH="3376"
                         VPOS="3046"
                         HPOS="411">
                  <String ID="string_line_1582884834730_1511"
                          HEIGHT="313"
                          WIDTH="3376"
                          VPOS="3046"
                          HPOS="411"
                          CONTENT="u. beginnender 2. Humerus. Träger v. Lindi (Geld)"/>
               </TextLine>
               <TextLine ID="r2l27"
                         BASELINE="3509"
                         HEIGHT="260"
                         WIDTH="3380"
                         VPOS="3249"
                         HPOS="523">
                  <String ID="string_r2l27"
                          HEIGHT="260"
                          WIDTH="3380"
                          VPOS="3249"
                          HPOS="523"
                          CONTENT="Stuhlgang beginnt wieder normale Manieren anzu„"/>
               </TextLine>
               <TextLine ID="line_1582884840855_1516"
                         BASELINE="3702"
                         HEIGHT="342"
                         WIDTH="3379"
                         VPOS="3360"
                         HPOS="413">
                  <String ID="string_line_1582884840855_1516"
                          HEIGHT="342"
                          WIDTH="3379"
                          VPOS="3360"
                          HPOS="413"
                          CONTENT="nehmen. Höchste Zeit, d. Diät ist mir sehr lästig u. ich"/>
               </TextLine>
               <TextLine ID="r2l30"
                         BASELINE="3877"
                         HEIGHT="382"
                         WIDTH="2943"
                         VPOS="3495"
                         HPOS="422">
                  <String ID="string_r2l30"
                          HEIGHT="382"
                          WIDTH="2943"
                          VPOS="3495"
                          HPOS="422"
                          CONTENT="glaube mich etwas unterernährt zu fühlen."/>
               </TextLine>
               <TextLine ID="r2l31"
                         BASELINE="3858"
                         HEIGHT="301"
                         WIDTH="3098"
                         VPOS="3557"
                         HPOS="542">
                  <String ID="string_r2l31"
                          HEIGHT="301"
                          WIDTH="3098"
                          VPOS="3557"
                          HPOS="542"
                          CONTENT="Verworn: „Mechanik des Geisteslebens“ gelesen. Guter Wille, nichts Neues."/>
               </TextLine>
               <TextLine ID="r2l32"
                         BASELINE="4006"
                         HEIGHT="403"
                         WIDTH="3405"
                         VPOS="3603"
                         HPOS="435">
                  <String ID="string_r2l32"
                          HEIGHT="403"
                          WIDTH="3405"
                          VPOS="3603"
                          HPOS="435"
                          CONTENT="26. Juni: Morgens Nachricht, daß ein Leopard in die mit"/>
               </TextLine>
               <TextLine ID="r2l33"
                         BASELINE="4187"
                         HEIGHT="403"
                         WIDTH="3424"
                         VPOS="3784"
                         HPOS="424">
                  <String ID="string_r2l33"
                          HEIGHT="403"
                          WIDTH="3424"
                          VPOS="3784"
                          HPOS="424"
                          CONTENT="Ziege besetzte Falle unten an d. barra-barra gegangen"/>
               </TextLine>
               <TextLine ID="r2l34"
                         BASELINE="4324"
                         HEIGHT="338"
                         WIDTH="3219"
                         VPOS="3986"
                         HPOS="407">
                  <String ID="string_r2l34"
                          HEIGHT="338"
                          WIDTH="3219"
                          VPOS="3986"
                          HPOS="407"
                          CONTENT="ist. Janensch u. ich erlegten ihn mit vielen Schüssen, die"/>
               </TextLine>
               <TextLine ID="r2l35"
                         BASELINE="4404"
                         HEIGHT="370"
                         WIDTH="3473"
                         VPOS="4034"
                         HPOS="387">
                  <String ID="string_r2l35"
                          HEIGHT="370"
                          WIDTH="3473"
                          VPOS="4034"
                          HPOS="387"
                          CONTENT="leider d. Fell stark verletzten. Ungewöhnlich großes, starkes"/>
               </TextLine>
               <TextLine ID="r2l36"
                         BASELINE="4586"
                         HEIGHT="299"
                         WIDTH="3353"
                         VPOS="4287"
                         HPOS="388">
                  <String ID="string_r2l36"
                          HEIGHT="299"
                          WIDTH="3353"
                          VPOS="4287"
                          HPOS="388"
                          CONTENT="Tier. Es dauerte auch nach d. tötlichen Schüssen lange, bis d."/>
               </TextLine>
               <TextLine ID="r2l37"
                         BASELINE="4752"
                         HEIGHT="311"
                         WIDTH="3686"
                         VPOS="4441"
                         HPOS="387">
                  <String ID="string_r2l37"
                          HEIGHT="311"
                          WIDTH="3686"
                          VPOS="4441"
                          HPOS="387"
                          CONTENT="zähe Leben gewichen war. D. schwere Falle hatte d. Tier mitsamt"/>
               </TextLine>
               <TextLine ID="r2l38"
                         BASELINE="4938"
                         HEIGHT="259"
                         WIDTH="3487"
                         VPOS="4679"
                         HPOS="353">
                  <String ID="string_r2l38"
                          HEIGHT="259"
                          WIDTH="3487"
                          VPOS="4679"
                          HPOS="353"
                          CONTENT="dem Dorngestrüpp, in dem sie verankert war, über die"/>
               </TextLine>
            </TextBlock>
         </PrintSpace>
      </Page>
   </Layout>
</alto>
