4324 5213
3672 182 364 204 123

492 234 3413 239 bis auf die Dünung, herrlicher Sonnentag wie

485 403 3510 233 gestern u. auf der Herfahrt von Europa. Ich leide an

508 517 3426 263 Verdauungsstörung u. bin ungewöhnlich schlafbe„

507 661 3468 217 dürftig. Kabinen freilich höchst beengt. Abend vor

452 824 3323 268 Kilwa und bei Mondschein weiter. Interessante

536 980 3585 303 optische Täuschung: über dem Silberstreif im Meere

509 1153 3676 305 am Horizonte ein schwarzer, zum Mond aufsteigender

447 1318 3645 261 Schatten in Dreieckform, einer Rauchwolke ähnlich;

513 1522 2188 290 bei Abblenden verschwand es.

771 1750 3126 243 28.I. Wiederum herrlicher Tag. Gegen 12 vor

500 1901 3436 232 Bagamoyo. Infolge falscher Meldungen mußten

543 2038 3514 286 wir zu lange liegen bleiben, um heut noch nach

494 2244 1870 241 Daressalaam zu kommen.

789 2413 3373 314 29.I: Beim Erwachen schon in der Einfahrt zum

535 2649 3610 251 Hafen von Daressalaam. Herr Sattler begrüßt uns

588 2744 3518 351 an Bord. Gepäck an Land geschafft. Herrn Voertmann

530 2925 3476 310 von d. D. O. A. G. begrüßt. Unterkunft in dem

546 3136 3332 310 luxuriösen u. geschmackvollen Kaiserhof-Hotel, das

524 3322 3645 285 augenblicklich noch anbaut - ein erfreuliches Zeichen.

527 3511 3560 207 Meine Verdauungsstörung verlangt leider immer

531 3640 3520 294 noch Schonung. Abds. Mit Sattler bei einem Stammtisch

510 3848 3466 244 in d. echt deutschen Biergarten von Schulz. Nach d.

497 3967 3622 351 Abendessen Schach mit Janensch. Vorm. etwas Regen.

706 4168 3386 315 Sonntag d. 30.I: Morgens: Askarikapelle bringt in

524 4378 3628 230 d. Nähe ein Ständchen, kann sich neben unsern heimischen

514 4588 3549 230 Militärkapellen wohl sehen lassen. Bin wieder erstaunt,
