4324 5214
282 237 239 231 154

479 231 3346 297 Abends am Austritt des Mlali-Tals aus d. Gebirge an

441 437 3366 271 einem Dörfchen Zelte aufgeschlagen. Bezaubernder

468 582 3455 237 Blick auf das Gebirge. Am Mgeta jenseits der Mission

447 693 3518 367 seltsames Gneißvorkommen, wie allenthalben mit Gra„

489 947 953 241 naten gespickt.

748 991 3233 336 15.III: Wagen d. Hotels erst weit am Wege getroffen,

531 1181 3452 298 als wir bereits eine ganze Strecke mit Hrn. Neitzke gefahr„

561 1313 3428 319 ren waren. Dann samt diesem, dem Wirt aus Mrogoro

552 1534 3340 295 Hrn. u. Fr. Schwarz auf der Pflanzung von 2 Herren

574 1603 3395 309 besucht, die wir nicht kannten, die auch nicht anwe„

538 1765 3360 354 send waren, was d. Schwarz nicht hinderte uns

495 1907 3435 355 gastlichst zu empfangen. Fahrt nach Mrogoro. Abend

557 2056 3164 304 mit Materialzug u. wenigen Leuten nach

553 2210 3354 337 Station Mkatta. Schon ziemlich dunkel. In d. großen

612 2364 3353 319 Stationsgebäude leeres Zimmer erhalten. Nachts

651 2548 1761 289 von Moskito's durchlöchert.

759 2692 3237 295 16.III. Obwohl mein Fuß wieder kräftig schmerzte,

587 2848 3270 372 auf Jagd in die Steppe links vom Fluß, Janensch

597 3042 3272 328 südl., ich nördl. der Bahn. Gnuherde, aber Gewehr

567 3201 3407 314 nicht zur Hand. Steppe mit den fernen Uluguru- u.

576 3333 3423 305 Usagara-Bergen ein neuartig-schönes afrikani„

580 3567 3310 274 sches Charakterbild. Nachm. Janensch nochmals auf

597 3723 3376 320 Jagd, ich mußte zu Haus bleiben. Am durchkom„

595 3830 3198 343 menden Personenzug Bier vom Eis, hat ein

589 4030 3203 278 Stanley seinerzeit hier nicht gehabt. Und doch ist es

590 4181 3316 311 auch schön, wie der Zug in die einbrechende Nacht

572 4296 3362 340 u. den - einstmals dunklen Erdteil hinein„

558 4550 467 263 saust.
