4324 5213
3846 204 195 154 33

610 260 3311 223 28. Juni: Morgens auf Jagd gegangen. Ein größerer Platz

468 438 3532 159 auf d. Wege zum Maimbui ist mit Schottern der Mikindani-

448 562 3399 245 Schichten besät u. trägt nur niederes Gras. Ich hatte mich

450 674 3717 206 nicht getäuscht u. sah ein Wildschwein, einen Hasen, 3 Rebhühner,

456 767 3500 269 u. hörte ein Barappi, dessen Spur ich verfolgte, dicht vor

443 889 3534 313 mir im Pori; konnte es aber nicht wiederfinden u.

459 1015 3649 286 in d. ersten 3 Fällen hatte ich regelmäßig grade d. falsche

441 1169 3525 285 Gewehr in der Hand. Hier u. in weiterer Umgebung

469 1279 3702 338 sah ich ferner zahllose, z. T. ganz frische Spuren von Schweinen,

448 1443 3598 289 Ngorombe-Antilopen u. Barappis. Jedoch in summa: keine

463 1574 3365 266 Beute. Da es wieder ganz bedeckt war, geriet ich

433 1700 3376 294 kaum in Schweiß, es war ein prächtiger Morgen.

576 1891 3401 238 Im Graben II kommen zahlreiche interessante Knochen

416 2050 3580 232 u. einige sehr schöne Zähne von einem uns noch unbe„

433 2131 3686 265 kannten Tier zum Vorschein unter Boheti's geschickter Hand.

592 2342 3417 231 Abend: auf d. Tendaguru Kugelsandstein-Konkretionen

474 2403 2943 359 abgeklopft. Erfreulicher Fossilreichtum. Schach.

607 2534 3339 373 29. Juni: Post trifft nicht ein, wir müssen wieder

460 2862 899 244 Geduld üben.

748 2851 3340 302 Salim's Arbeitsplatz im Norden entpuppt sich mehr und

489 3039 1959 301 mehr zu einem Schatzkästlein.

731 3107 3358 296 Abend m. Dr. J. auf d. Tendaguru; wieder geklopft. Schach.

569 3357 3462 271 30. Juni: Vorm. sehe ich an einer Arbeitsstelle sandige, gut

390 3475 3650 360 spaltende Schiefer, die in mir den Verdacht nach Fischab„

388 3638 3626 262 drücken erwecken. Finde statt dessen einen kleinen

373 3780 3625 313 Unterkiefer, wahrscheinlich von einem Säuger. Nach einem

404 3910 3576 309 Ausspruch von Branca hätte ich damit das große Los ge„

390 4023 3756 287 wonnen. Auch Dr. J. ist hoch erfreut: Ferner Muscheln darin.

658 4247 3361 235 Nachm. Lohnzahlung u. andern Angelegenheiten von 2-6 Uhr

459 4404 3579 268 ohne Pause. 5 Wayao's wollen Arbeit mit d. Begründung, sie

433 4536 3663 308 seien einen vollen Monat zu diesem Zweck hermarschiert.

448 4712 3625 239 Auf meine Frage, wer sie geschickt habe, erfahre ich, sie hätten
