4324 5213
3601 155 187 151 93

431 203 3545 261 grade Vollmond gewesen war, einen herrlichen, farb„

434 336 2108 254 losem Mondregenbogen gesehen.

629 495 3200 224 27. Nov. Hatte d. Absicht nach Mtapaia auch 2 Nächte zu

484 678 3417 246 ziehen, um d. Wasserböcke zu jagen u. einige Fossil„

494 795 3295 202 orte auszubeuten. Gestern trafen aber verspätet u.

494 972 3474 183 nicht mehr erwartet 60 Träger aus Ntondo ein u.

424 1121 3361 248 da d. Usagara-Haus um baldiges Einpacken bittet,

452 1240 3544 278 (heut Ankunft d. Post), muß ich morgen nach Lindi.

507 1472 3398 228 Zufällig auch eine wichtige persönliche Angelegenheit

490 1577 3369 239 dort abzumachen, Ausfertigung einer Generalvoll„

493 1740 2645 276 macht f. Richard, die ich heute erhalte.

288 1986 3816 270 Sonntag 28. Nov. Früh Abmarsch mit 62 Trägern f. Knochen„

539 2065 3480 360 lasten u. 17 für's Zelt. ½ Std. von Janensch begleitet,

486 2261 3550 291 der wieder auf Barappi's ausgeht. Einige kräftige

484 2533 3303 217 Regengüsse unterwegs, daher mittags um 12 im

528 2626 3565 257 Lager d. Bodenkape umgenommen. Vom Kumihu aus

513 2790 3493 274 anderer Weg als bei Ankunft, Lager beim Karani

509 2943 3576 312 Ndonde unmittelbar am Fuß des Noto. Schickte einen

490 3145 3250 305 Mann aus, auf Großwild zu fahnden, u. da er nach

492 3313 3501 326 kurzer Zeit Hartebeest-Antilopen (Ngosse) meldete, noch

501 3511 3329 275 vor Tisch ausgezogen. Bekamen sie von weitem zu

497 3660 3385 316 Gesicht, aber sie entflohen sofort. Verfolgung vergeblich,

494 3857 3526 319 da fortwährend springender Wind, der uns schon von

498 4020 2933 338 fern verriet. 1 Perlhuhn mit Büchse geschossen.

661 4199 3102 300 Der Jumbe vom Noto kam herab mich zu begrüßen.

528 4348 3436 278 Abd. nochmals auf Jagd, wurde aber schlecht geführt; noch

545 4507 1194 284 ein Perlhuhn erlegt.

477 4641 3342 312 Sah einen sehr niedlich gearbeiteten Vogelkäfig mit
