4324 5213
3716 197 261 154 157

486 216 1005 245 Indischen Ozean.

712 349 3231 292 Pangani sehr hübsch an der Mündung des Flusses, von der Küste

562 523 3344 276 zurückgezogen gelegen auf flachem, mit dichtem Palmenhain be„

585 678 3557 260 standenen Schwemmland. Janensch u. ich gingen nicht in d. Ort, sondern

568 812 3405 283 fuhren auf's rechte Ufer, hinter dem sich unmittelbar eine Steilwand

569 978 3544 252 emporzieht. Oben darauf Pavillon mit Blick auf Fluß u. Bucht,

569 1126 3505 273 Usambara-Gebirge u. Meer u. drüben das lauschige Städtchen,

589 1289 3300 237 das mit seinen gedrängten weißen Steinhäusern gleichsam

558 1478 3473 161 einen bewohnteren Eindruck macht als Lindi mit den ver„

561 1642 3286 219 streuten Europäervillen. Abstieg nach der Seeseite, wo eine

520 1731 3607 290 Sisalpflanzung sich an der Küste ausdehnt. Von ihr ein Bähnchen

582 1891 3313 303 nach dem Hafen, das in der Uferwand hübsche Aufschlüsse bot.

585 2042 3215 273 Der Vollmond zog auf u. spiegelte sich in dem ruhigen

536 2234 2014 295 Gewässer zwischen den Mangroven.

717 2359 3327 332 26. März: Morgens auf See vor Tanga, Blicke auf die fernen

551 2626 3412 293 Gebirge. Stark gegliederte Küste. Wir fuhren über Korallenriffe,

548 2782 3358 257 auf die mich d. Kapitän meiner Bitte gemäß aufmerksam

552 2936 3467 319 machte. Aber die Sonne noch tief, man sah eigentlich nichts

516 3086 3531 326 als meergrüne Streifen über tieferem Grund. Immerhin

510 3352 3553 244 für d. Phantasie Spiel genug, dies unsichtbare Leben u. Gewühl!

598 3520 3460 173 Einfahrt u. Landung in Tanga, das schon wieder ein neues, auf„

521 3670 3495 243 fallend stumpfsinnig gebautes Hotel hat. Im „Deutschen Kaiser“

536 3803 3321 316 Logis genommen. Der Ort mit seinen rechtwinkligen

507 3995 2930 261 Straßen u. seinem Staub gefällt mir wenig.

684 4163 3290 243 Sonntag d. 27. März: Ausflug nach den Sigi-Höhlen. Jan.

480 4437 3548 204 u. ich je eine rikshaw genommen, über weite Sisal-Pflanzun„

457 4533 3379 208 gen zum (Sigi?)-Flusse, an dessen rechtem Ufer Belemniten u. andre

461 4727 3579 207 Versteinerungen, dann durch glanz- u. farbenerfüllte lichte Kokos-
