4324 5213
3750 220 276 199 101

421 227 3372 147 jenseitige Rand erreicht, über den es wieder hinab

425 310 3500 299 ging. Ein sehr eigenartig anmutendes Bild bot hier der

431 515 3487 264 ganz anders geartete Erosionskessel: Der rote Sand (weder

428 678 3518 272 feste Partieen noch weiße u. bunte Färbung wie am Noto

449 816 3541 304 waren zu sehen) erfüllte mit nur schwacher Vegetation

457 950 3528 319 verhüllt eine fast wild zerrissene Hügel- u. Schluchten„

475 1137 3414 215 landschaft, die in dem gipfelte. Die eigentliche

468 1315 3396 261 Plateauebene trat kaum hervor, der nördliche Teil

484 1460 3420 256 erscheint bereits abgetrennt, weswegen auch kein

480 1568 3443 264 direkterer Weg über Namunda zum Tendaguru

489 1703 3461 347 führte. Vielleicht hat d. größere Höhe der schnelleren

497 1877 3578 288 Abtragung Vorschub geleistet. Schön war dies rot-grüne

499 2068 3400 238 Bild mit den verwaschenen Formen eigentlich

537 2213 3272 315 nicht. Der Kessel schließt sich gegen N-W. fast

513 2353 3351 315 vollständig und läuft in ein schmales Tal aus,

522 2574 3400 232 das freilich sofort von links her ein andres aufnimmt

554 2713 3347 252 u. sich ein wenig erweitert. Ein wenig abwärts liegt

580 2843 3445 254 ein kleiner Teich, an dem ein Karani wohnt. Hier erfuhr

576 3113 3465 213 ich, wo ich zu lagern u. zu jagen hatte u. erhielt sofort

570 3191 3426 268 einen Führer, der mich links aus dem Tal in schönen

531 3356 3480 239 Wald an der barrabarra nach Ilulu führte. Kaum ½ Std.

556 3550 3190 253 Wegs u. wir hatten eine Herde der von mir

551 3717 3533 222 am meisten ersehnten Gnus vor uns. In dem dichten

563 3853 3332 304 Gezweig u. Blättergrün mußte ich näher gehen, um

576 4004 3438 255 überhaupt Tiere zu erkennen. Nun aber standen wir

554 4222 3497 285 so frei, daß ich erwartete, beim ersten Schuß würden

557 4345 3526 293 sie abgehen. Knall! Ein wenig Bewegung u. Vorwärtsrücken.

524 4535 3492 293 Knall! Nichts, garnichts. Knall! Knall! Knall! Himmel„

533 4677 3425 308 herrgottdonnerwetter, nicht treffen, wenn 15 große Tiere
