4325 5213
288 238 245 171 158

518 235 3465 319 schamben. Letzte Strecke zu Fuß, in die Höhlen, die von Fledermäusen

536 372 3406 313 wimmelten, aber innerlich weniger boten als an dem wild

539 547 3458 259 überwucherten Eingang in engem Felstale. Prachtvolle Vegetation.

543 720 3286 344 Auf nahe gelegenem Pflanzerhause mit afrikanischer Gastfreiheit

563 889 3344 280 aufgenommen, dann zurück. Abends Bötzow im Klubhause ge„

540 1049 3408 273 troffen u. Bez.-Amtmann nebst Frau, sowie Herrn St. Paul-Illaire

536 1224 3291 278 kennen gelernt. Ich habe in Tanga 3 jungverheiratete Damen

540 1403 2351 265 gesehen, sämtlich ungewöhnliche Schönheiten.

790 1540 2157 263 Im Klub gegessen und — getrunken.

689 1665 3135 273 28 März: Morgens zur Bahn, Abfahrt nach Mugussi, anfangs

540 1870 3282 232 durch endlose Pflanzungen, die kaum ein paar Bäume oder

546 2059 3193 278 Raum für die ehemaligen Bewohner des Landes übrig

547 2203 3395 267 gelassen haben. Die Wagen älter und auch weniger angenehm

538 2299 3194 343 als auf der Zentralbahn. In Mugussi mit Not u. Mühe Träger

531 2499 3340 316 zusammengescharrt, dann Aufstieg nach Amani, im Bogen an

546 2652 3203 240 den Rand des Gebirges heran, durch eine kleine Talpforte, in

565 2792 3352 274 der eine Sägewerk versteckt liegt, auf die Rücklehne der von d.

555 2898 3341 360 Bahn sichtbaren Wand. Sehr steil u. ständig aufwärts, kl. Rast.

607 3119 3367 246 In bereits beträchtlicher Höhe tritt der vorzügliche Weg wieder

611 3215 3378 272 auf die Südostwand u. nun eröffnet sich der weite herrliche

588 3334 3287 339 Berg über d. Pangani-Land bis auf's ferne Meer. Wieder

598 3504 3271 290 einmal ein Silberband, das in zahllosen Schlingen das Land

573 3654 3265 289 durchzieht, eine wahre Lebensader. In Serpentinen an den

579 3818 3317 267 Felsen unter herrlicher Vegetation hinauf. Bald in einen

576 3973 3400 271 dicht belaubten Talwinkel in grünlich schimmernder, zauber„

591 4140 3220 291 hafter Dämmerung. Wieder in's Lichtmeer u. wieder in's

563 4246 3335 260 heimliche Waldesdunkel. Plätschernde Gebirgswässer, welche

578 4402 3173 258 Labsal! Durch eine Pflanzung hindurch u. abermals in

619 4538 3332 275 einen immer hoheitsvoller aufstrebenden Urwald. Jetzt
