4324 5213
291 249 274 191 142

663 242 3275 292 Nachm. Am Wege zum Jumben geklopft u. Lutari durch

595 412 3397 302 wildes Gestrüpp hindurch bestiegen. Erhoffte ein Profil, fand

624 570 3331 329 aber undurchdringliche Vegetation u. Geröllboden. Der

639 763 3440 334 Hügel soll bei d. Mafiti-Einfällen als Zuflucht gedient

644 980 1067 287 haben. Am Wege

1179 1119 1337 270 zu oberst: Harte graugelbe

2384 981 350 185 Kalk-

2470 1115 1603 263 Sandsteine quarzitisch m. Schnecken

1668 1280 1360 257 Gelblich mürbe Sandsteine

1654 1414 1035 191 rote mürbe Letten.

1640 1557 2298 258 Harte, gut geschieferte, dichte, graudunkle Kalk„

2248 1678 1804 252 sandsteine mit schlechten Steinkernen.

1084 1824 1958 279 zu unterst: Rötliche Sandsteinschiefer.

679 2024 3163 321 23.II. Auf meinen Wunsch noch hier geblieben, da ich doch

661 2170 3145 369 wenigstens auch eine Giraffe sehen wollte. Schoß erst auf ein

669 2390 3237 245 Hartebeest, das ich nach d. Anschleichen plötzlich ganz ungedeckt

676 2545 3181 357 stehend unweit vor mir sah, freilich nichts als d. Kopf, da

704 2702 3168 275 es genau zu mir hingewandt war. Traf nicht u. mußte

726 2812 3207 360 d. Verfolgung nach einiger Zeit wegen schlechten Windes

709 3009 3127 355 aufgeben; es war plötzlich eine vorher unsichtbare ganze

745 3137 2983 388 Herde entflohen. Sah auch ein Riedbock-Weibchen u.

751 3258 3077 436 schließlich dicht vor mir Hals u. Kopf einer Giraffe.

778 3432 3049 382 Wurde wieder falsch u. in scheußliches Gras geführt u.

735 3615 3103 360 kehrte gegen 11 zurück. Um 1 gegessen, da Janensch noch

747 3852 2966 330 nicht zurück. Aquarell beendigt. Um 4½ wurde ich

758 3955 3130 384 unruhig. J. hatte morgens geäußert, daß es ihm

781 4214 3069 245 um Jagd nicht sehr zu tun sei u. war noch nicht da.

813 4271 3191 386 Ich erfuhr, daß ½ Std. entfernte Leute 3mal hatten

771 4517 3230 292 schießen hören, sollte das ein Signal gewesen sein.

796 4679 3191 294 Ich dachte an Nashorn u. Flucht auf Bäume, an meine
