4324 5213
3664 287 274 165 135

472 213 1315 298 nende Muschelschalen.

856 482 2755 239 121,1 im Bahnschotter Perisphincten-Bruchstück

868 611 1790 169 119,9 südl. d. Bahn Kinkelin-Bruch

508 696 3349 246 nahe 119,8 Blaue harte Bank in oder wenigstens unter

477 806 3573 268 braunen sandigen Letten. Farbe u. Äußeres täuschend dem

476 996 3511 273 Kidugallo-Oolithsandstein ähnelnd, aber keinerlei Oolithgefüge

464 1163 667 244 erkennbar.

767 1322 3300 203 119,7 In den aus dem Bahneinschnitt seitlich herausgewor„

499 1483 3622 270 fenen Material Pflanzenreste ohne erkennbare Form (Blätter

493 1630 3291 268 darunter?), von Janensch angezweifelt. Einfallen ganz

474 1869 2840 222 schwach ON.O, winzige Stauchungen u. Störungen.

802 2026 3183 245 119,5-6 Kalksandstein fast organisch, da dicht erfüllt von

519 2166 3497 256 Schalen, ohne daß Einzelheit zu erkennen wäre. Mit den bei

498 2348 3582 270 Ngerengere gesammelten Fossilien zu vergleichen! Einfallen O.

547 2484 3411 244 Zw. 119,2 u. 3. Bänke von Kalkkonkretionen (?) mit prächtig er„

677 2665 3260 263 haltenen, zahlreichen u. sehr mannigfachen Schnecken u.

661 2841 3171 220 Muscheln. Reiches Material gesammelt, große Blöcke wegen

627 2972 3347 256 Gewichts zurückgelassen. In etwas höherer Bank beste Erhal„

624 3135 3390 192 tung, da weniger dicht. Bei 119,2 rechts kleiner Bruch; ver„

624 3274 3349 259 witterter Kalkschichten mit großen Kugelkonkretionen (keine

618 3412 2470 302 Gerölle?) von guter Schieferung (Schichtung?)

778 3577 3107 255 118,9 lichte, feinkörnige Sandsteine, dünnbankig, Einfallen

633 3781 567 260 schwach O.

742 3895 3191 308 Bis 117,3 Verwitterungsdecke („Mikindani-Sch“?). Rötlich

627 4069 3229 273 lehmige Sande mit zahllosen hellen Konkretionsbrocken.

625 4272 3506 216 Durch kleine Störung hier die braunen, sandigen Letten wieder

604 4422 3244 257 zum Vorschein. Einfallen eine Strecke weit senkrecht, aber

660 4557 2625 228 schnell in das normale wieder einlenkend

792 4751 3198 183 Nahe 116-117 südl. d. Bahn reiner Oolith, leider nur Probestück

567 4877 376 125 gesehen.

1503 4878 439 138 (?? 1911)
