4324 5213
3787 234 258 178 81

399 197 3433 232 Kausalverhältnis dürfte aber oft umgekehrt sein. Mir steht es

393 344 2576 313 nicht zu ihn darauf aufmerksam zu machen.

522 478 3255 292 Besichtigte nachm. das neue, heut freigelegte große Femur, in

411 654 3416 258 dessen Nähe noch weitere gewaltige Knochen aufgedeckt

412 764 3569 316 sind; leider ist die Erhaltung recht schlecht. Ging dann weiter

422 933 3523 234 bis zu einer der vom Plateau vorspringenden Nasen, wo

429 1076 3430 254 hübscher Blick auf d. Sonnenuntergang, u. üb. d. Quelle

385 1193 3425 280 unter dem Tendaguru zurück. Erhalten ein 2tes Mbawalla.

562 1396 3388 215 19. Oct. Nachm. trafen 80 Träger ein, die das Bez.-Amt uns

437 1533 3505 266 in erstaunlich kurzer Zeit besorgt hat.  Handgeld ausgezahlt,

441 1757 1206 257 Lasten zugewiesen.

565 1871 3448 265 20 Oct. Abmarsch des ersten Knochentransports nach Lindi.

505 2046 3458 259 Janensch begleitet ihn u. kommt so (halb gezwungener„

480 2192 3446 219 maßen) endlich zu seiner längst „beabsichtigten“ Safari.

461 2343 3539 247 Brief an Mama. Immerhin ist er diesmal zu raschem Entschluß gekommen.

708 2558 3176 155 In d. Nacht beide Mbawalla an Unterernährung einge„

470 2632 3301 277 gangen, die Milchziege trifft mittag ein, kommt nun

464 2760 3405 217 aber zu spät. Vorm. wird ein junger Hundsaffe und

466 2976 3363 185 nachm. ein dito „Tumbili“ (dem kima sehr ähnlich, aber

467 3099 3540 229 heller, weniger hübsch u. im Gesichtsausdruck älter, weil

458 3235 3252 301 weißbärtig) gebracht. Ihre Scheuheit sticht sehr gegen die

496 3377 1819 299 Zutraulichkeit unseres kima ab.

557 3587 2792 222 21 Oct. Ethnolog. Arbeit. Abds. sehr stark bewölkt.

318 3747 3773 198 Ließ mir nachm. dicht an d. Quelle einen Knochenfund zeigen: Humerus in d. Schieferschicht unt. d. Saurierhorizont.

580 3833 3145 212 22 Oct. Vormittags vollständig wolkenlos, auch die Luft klar.

398 3936 3601 255 Mittags 33° C, bisheriger Rekord; dazu setzte noch der erfrischen„

424 4102 3274 229 de Wind zwei Stunden lang aus. Armer Janensch!

439 4241 3405 259 Bei großer Hitze sind mittags die Fliegen sehr arg, sie

427 4387 2023 313 suchen wohl auch den Schatten auf.

586 4548 3350 218 Bis zum Abd. bleibt es wolkenfrei, doch ist der Horizont dunstig.

462 4726 930 221 Auf d. Tendaguru.
