<?xml version="1.0" encoding="UTF-8"?>
<alto xmlns:xsi="http://www.w3.org/2001/XMLSchema-instance"
      xmlns="http://www.loc.gov/standards/alto/ns-v2#"
      xmlns:page="http://schema.primaresearch.org/PAGE/gts/pagecontent/2013-07-15"
      xsi:schemaLocation="http://www.loc.gov/standards/alto/ns-v2# http://www.loc.gov/standards/alto/alto.xsd">
   <Description>
      <MeasurementUnit>pixel</MeasurementUnit>
      <OCRProcessing ID="IdOcr">
         <ocrProcessingStep>
            <processingDateTime>2021-02-02T09:45:54.886+01:00</processingDateTime>
            <processingSoftware>
               <softwareCreator>READ COOP</softwareCreator>
               <softwareName>Transkribus</softwareName>
            </processingSoftware>
         </ocrProcessingStep>
      </OCRProcessing>
   </Description>
   <Layout>
      <Page ID="Page1" PHYSICAL_IMG_NR="1" HEIGHT="5213" WIDTH="4324">
         <TopMargin HEIGHT="0" WIDTH="4324" VPOS="0" HPOS="0"/>
         <LeftMargin HEIGHT="5213" WIDTH="0" VPOS="0" HPOS="0"/>
         <RightMargin HEIGHT="5213" WIDTH="0" VPOS="0" HPOS="4324"/>
         <BottomMargin HEIGHT="0" WIDTH="4324" VPOS="5213" HPOS="0"/>
         <PrintSpace HEIGHT="5213" WIDTH="4324" VPOS="0" HPOS="0">
            <TextBlock ID="TextRegion_1582889394692_2481"
                       HEIGHT="4248"
                       WIDTH="3658"
                       VPOS="227"
                       HPOS="362">
               <Shape>
                  <Polygon POINTS="362,227 486,227 4020,304 4020,4475 477,4475 362,387"/>
               </Shape>
               <TextLine ID="r1l1"
                         BASELINE="381"
                         HEIGHT="161"
                         WIDTH="175"
                         VPOS="220"
                         HPOS="338">
                  <String ID="string_r1l1"
                          HEIGHT="161"
                          WIDTH="175"
                          VPOS="220"
                          HPOS="338"
                          CONTENT="72"/>
               </TextLine>
               <TextLine ID="r2l1"
                         BASELINE="460"
                         HEIGHT="209"
                         WIDTH="3525"
                         VPOS="251"
                         HPOS="518">
                  <String ID="string_r2l1"
                          HEIGHT="209"
                          WIDTH="3525"
                          VPOS="251"
                          HPOS="518"
                          CONTENT="beide Vorderbeine durchschossen u. es somit nachher leicht"/>
               </TextLine>
               <TextLine ID="r2l2"
                         BASELINE="611"
                         HEIGHT="231"
                         WIDTH="3368"
                         VPOS="380"
                         HPOS="456">
                  <String ID="string_r2l2"
                          HEIGHT="231"
                          WIDTH="3368"
                          VPOS="380"
                          HPOS="456"
                          CONTENT="töten konnte. Ich hätte noch mehr schießen können,"/>
               </TextLine>
               <TextLine ID="r2l3"
                         BASELINE="740"
                         HEIGHT="252"
                         WIDTH="3435"
                         VPOS="488"
                         HPOS="486">
                  <String ID="string_r2l3"
                          HEIGHT="252"
                          WIDTH="3435"
                          VPOS="488"
                          HPOS="486"
                          CONTENT="den sie gingen wieder nicht sogleich davon, aber"/>
               </TextLine>
               <TextLine ID="r2l4"
                         BASELINE="871"
                         HEIGHT="167"
                         WIDTH="3517"
                         VPOS="704"
                         HPOS="478">
                  <String ID="string_r2l4"
                          HEIGHT="167"
                          WIDTH="3517"
                          VPOS="704"
                          HPOS="478"
                          CONTENT="es war genug des Blutbads. Beide waren Weibchen."/>
               </TextLine>
               <TextLine ID="r2l5"
                         BASELINE="1103"
                         HEIGHT="251"
                         WIDTH="2384"
                         VPOS="852"
                         HPOS="764">
                  <String ID="string_r2l5"
                          HEIGHT="251"
                          WIDTH="2384"
                          VPOS="852"
                          HPOS="764"
                          CONTENT="Den Sieg mit „bata baridi“ gefeiert."/>
               </TextLine>
               <TextLine ID="r2l6"
                         BASELINE="1299"
                         HEIGHT="284"
                         WIDTH="3127"
                         VPOS="1015"
                         HPOS="637">
                  <String ID="string_r2l6"
                          HEIGHT="284"
                          WIDTH="3127"
                          VPOS="1015"
                          HPOS="637"
                          CONTENT="28. Sept. Etwas müde, wohl verkatert. Wieder"/>
               </TextLine>
               <TextLine ID="r2l7"
                         BASELINE="1468"
                         HEIGHT="271"
                         WIDTH="1496"
                         VPOS="1197"
                         HPOS="516">
                  <String ID="string_r2l7"
                          HEIGHT="271"
                          WIDTH="1496"
                          VPOS="1197"
                          HPOS="516"
                          CONTENT="32° Mittagstemperatur"/>
               </TextLine>
               <TextLine ID="r2l8"
                         BASELINE="1729"
                         HEIGHT="318"
                         WIDTH="3331"
                         VPOS="1411"
                         HPOS="669">
                  <String ID="string_r2l8"
                          HEIGHT="318"
                          WIDTH="3331"
                          VPOS="1411"
                          HPOS="669"
                          CONTENT="30. Sept. Lohnzahlung. Abds. Shauri, da ein paar erst neulich"/>
               </TextLine>
               <TextLine ID="r2l9"
                         BASELINE="1846"
                         HEIGHT="251"
                         WIDTH="3453"
                         VPOS="1595"
                         HPOS="495">
                  <String ID="string_r2l9"
                          HEIGHT="251"
                          WIDTH="3453"
                          VPOS="1595"
                          HPOS="495"
                          CONTENT="bestrafte Leute abermals beim Kartenspiel ertappt wurden. Da noch"/>
               </TextLine>
               <TextLine ID="r2l10"
                         BASELINE="2003"
                         HEIGHT="211"
                         WIDTH="3542"
                         VPOS="1792"
                         HPOS="479">
                  <String ID="string_r2l10"
                          HEIGHT="211"
                          WIDTH="3542"
                          VPOS="1792"
                          HPOS="479"
                          CONTENT="1 Verbrecher verhört werden muß, vertagt es Janensch auf morgen."/>
               </TextLine>
               <TextLine ID="r2l11"
                         BASELINE="2137"
                         HEIGHT="263"
                         WIDTH="3543"
                         VPOS="1874"
                         HPOS="471">
                  <String ID="string_r2l11"
                          HEIGHT="263"
                          WIDTH="3543"
                          VPOS="1874"
                          HPOS="471"
                          CONTENT="Mir scheint das falsch. Vor allem aber ist Einer dabei, der zum Glück"/>
               </TextLine>
               <TextLine ID="r2l12"
                         BASELINE="2250"
                         HEIGHT="255"
                         WIDTH="3438"
                         VPOS="1995"
                         HPOS="508">
                  <String ID="string_r2l12"
                          HEIGHT="255"
                          WIDTH="3438"
                          VPOS="1995"
                          HPOS="508"
                          CONTENT="nachm. bereits Entlassung genommen hatte u. uns somit nicht"/>
               </TextLine>
               <TextLine ID="r2l13"
                         BASELINE="2426"
                         HEIGHT="291"
                         WIDTH="3413"
                         VPOS="2135"
                         HPOS="497">
                  <String ID="string_r2l13"
                          HEIGHT="291"
                          WIDTH="3413"
                          VPOS="2135"
                          HPOS="497"
                          CONTENT="mehr unterstand, wenigstens nach europäischer Ansicht. Janensch"/>
               </TextLine>
               <TextLine ID="r2l14"
                         BASELINE="2504"
                         HEIGHT="265"
                         WIDTH="3186"
                         VPOS="2239"
                         HPOS="509">
                  <String ID="string_r2l14"
                          HEIGHT="265"
                          WIDTH="3186"
                          VPOS="2239"
                          HPOS="509"
                          CONTENT="wußte sich ihm gegenüber nicht zu verhalten u. schob den"/>
               </TextLine>
               <TextLine ID="r2l15"
                         BASELINE="2725"
                         HEIGHT="329"
                         WIDTH="3437"
                         VPOS="2396"
                         HPOS="526">
                  <String ID="string_r2l15"
                          HEIGHT="329"
                          WIDTH="3437"
                          VPOS="2396"
                          HPOS="526"
                          CONTENT="Entschluß hinaus in d. Hoffnung, daß ihm ein Zwischenfall zu Hilfe"/>
               </TextLine>
               <TextLine ID="r2l16"
                         BASELINE="2842"
                         HEIGHT="333"
                         WIDTH="3305"
                         VPOS="2509"
                         HPOS="530">
                  <String ID="string_r2l16"
                          HEIGHT="333"
                          WIDTH="3305"
                          VPOS="2509"
                          HPOS="530"
                          CONTENT="käme. Das geschah denn auch, indem der Betr. nachts sich aus"/>
               </TextLine>
               <TextLine ID="r2l17"
                         BASELINE="2938"
                         HEIGHT="255"
                         WIDTH="3312"
                         VPOS="2683"
                         HPOS="509">
                  <String ID="string_r2l17"
                          HEIGHT="255"
                          WIDTH="3312"
                          VPOS="2683"
                          HPOS="509"
                          CONTENT="dem Staube machte. So waren wir in d. Augen d. Leute die"/>
               </TextLine>
               <TextLine ID="r2l18"
                         BASELINE="3156"
                         HEIGHT="321"
                         WIDTH="3295"
                         VPOS="2835"
                         HPOS="515">
                  <String ID="string_r2l18"
                          HEIGHT="321"
                          WIDTH="3295"
                          VPOS="2835"
                          HPOS="515"
                          CONTENT="Gefoppten, während sich Gelegenheit bot einmal europäische"/>
               </TextLine>
               <TextLine ID="r2l19"
                         BASELINE="3319"
                         HEIGHT="371"
                         WIDTH="3372"
                         VPOS="2948"
                         HPOS="500">
                  <String ID="string_r2l19"
                          HEIGHT="371"
                          WIDTH="3372"
                          VPOS="2948"
                          HPOS="500"
                          CONTENT="Gerechtigkeit u. Großmut zu zeigen u. d. Mann verächtlich gehen"/>
               </TextLine>
               <TextLine ID="r2l20"
                         BASELINE="3447"
                         HEIGHT="236"
                         WIDTH="537"
                         VPOS="3211"
                         HPOS="524">
                  <String ID="string_r2l20"
                          HEIGHT="236"
                          WIDTH="537"
                          VPOS="3211"
                          HPOS="524"
                          CONTENT="zu lassen."/>
               </TextLine>
               <TextLine ID="r2l21"
                         BASELINE="3586"
                         HEIGHT="255"
                         WIDTH="2927"
                         VPOS="3331"
                         HPOS="694">
                  <String ID="string_r2l21"
                          HEIGHT="255"
                          WIDTH="2927"
                          VPOS="3331"
                          HPOS="694"
                          CONTENT="1. Oct: Vorm. Ein Ngorombwe angeschossen u. leider verloren."/>
               </TextLine>
               <TextLine ID="r2l22"
                         BASELINE="3816"
                         HEIGHT="328"
                         WIDTH="3196"
                         VPOS="3488"
                         HPOS="507">
                  <String ID="string_r2l22"
                          HEIGHT="328"
                          WIDTH="3196"
                          VPOS="3488"
                          HPOS="507"
                          CONTENT="Nachm. D. Strafen vollzogen, unsern einen Koch entlassen. Das"/>
               </TextLine>
               <TextLine ID="r2l23"
                         BASELINE="3962"
                         HEIGHT="320"
                         WIDTH="3174"
                         VPOS="3642"
                         HPOS="528">
                  <String ID="string_r2l23"
                          HEIGHT="320"
                          WIDTH="3174"
                          VPOS="3642"
                          HPOS="528"
                          CONTENT="angeschossene Tier m. Janensch nochmals gesucht. Briefe"/>
               </TextLine>
               <TextLine ID="line_1582889410921_2486"
                         BASELINE="4099"
                         HEIGHT="355"
                         WIDTH="3126"
                         VPOS="3744"
                         HPOS="515">
                  <String ID="string_line_1582889410921_2486"
                          HEIGHT="355"
                          WIDTH="3126"
                          VPOS="3744"
                          HPOS="515"
                          CONTENT="begonnen. „Samassa, Besiedelung D.-O. Afr.'s“ begonnen."/>
               </TextLine>
               <TextLine ID="r2l26"
                         BASELINE="4212"
                         HEIGHT="322"
                         WIDTH="3269"
                         VPOS="3890"
                         HPOS="696">
                  <String ID="string_r2l26"
                          HEIGHT="322"
                          WIDTH="3269"
                          VPOS="3890"
                          HPOS="696"
                          CONTENT="2 Oct. Poscho-Zahlung. Vorm. Janensch nach Mtapaia. Die Gelegen„"/>
               </TextLine>
               <TextLine ID="r2l27"
                         BASELINE="4402"
                         HEIGHT="293"
                         WIDTH="2600"
                         VPOS="4109"
                         HPOS="508">
                  <String ID="string_r2l27"
                          HEIGHT="293"
                          WIDTH="2600"
                          VPOS="4109"
                          HPOS="508"
                          CONTENT="heit benutzt, ein wenig am „Jesus“ zu schreiben."/>
               </TextLine>
               <TextLine ID="r2l28"
                         BASELINE="4532"
                         HEIGHT="278"
                         WIDTH="1627"
                         VPOS="4254"
                         HPOS="687">
                  <String ID="string_r2l28"
                          HEIGHT="278"
                          WIDTH="1627"
                          VPOS="4254"
                          HPOS="687"
                          CONTENT="Abd. M. Janensch auf Perlhühner."/>
               </TextLine>
            </TextBlock>
         </PrintSpace>
      </Page>
   </Layout>
</alto>
