4324 5213
3713 206 151 115 9

411 229 3691 233 17.IV. Vorm. Rundgang zu d. bisher bekannten Fundstellen.

396 397 3580 206 Ein wahrer Kirchhof von Sauriern. Reste v. mindestens 10

412 550 3551 226 Exemplaren gesehen, meist Beinknochen, wenige Wirbel,

433 676 3686 262 ein neuer großer Knochen in ½ Std. freigelegt. Dr. Janensch

351 835 3739 300 fand auch ? Schädelreste. Aussichten gut, Arbeit für lange Zeit.

468 1004 3427 273 Nachm. Besuch eines nahewohnenden Jumben bei Herrn Sattler.

391 1129 2126 230 Sattler zieht abends fort, um zu jagen.

594 1180 3383 312 Sonntag d. 18.IV. Vorm. Janensch u. ich mit 2 Schwarzen in

395 1382 3637 284 d. Busch östl. vom Lager, auch hier Knochenreste festgestellt.

400 1544 3660 254 Dann auf d. Gipfel d. Tendaguru. In d. Kugelsandsteinen, wie

417 1691 3395 218 in d. darunter lagernden mergligen gelben Sanden

400 1720 3541 320 viel Fossilreste gefunden, wichtig für Altersbestimmung

424 1933 3713 220 u. interessant, weil beweisend für Meeresüberdeckung

423 2025 3410 261 nach Aussterben der Saurier. Sattler kommt erst

408 2200 2552 269 nachmittag zurück. Briefe geschrieben.

614 2255 3398 381 19.IV. Vorm. Janensch nach S. ich nach N. zu zwei

393 2445 3548 321 neuen Fundpunkten, von denen Schwarze berichtet

375 2608 3715 337 haben. Sie bestätigen sich. Der meinige vom Tendaguru

389 2775 3600 270 durch Senke (anscheinend Grabenbruch oder doch mehrere

454 2923 3651 264 Verwerfungen) getrennt. Arbeiter mit Bauen eines

404 3083 2188 280 Pavillons zum Essen beschäftigt.

650 3250 3387 245 Nachm. m. Herrn Sattler u. 3. Schwarzen zum Muhibui-Flusse

402 3366 3481 276 im S. d. Tendaguru, Fundstelle der Trigonien-Schicht. Von heftigem

384 3515 3733 287 Tropenregen überrascht, dennoch bis an's Ziel. Dort aber wegen

349 3641 3649 283 hohen Wasserstandes die Trigonien-Bänke nicht sichtbar. Vorher

381 3779 3417 346 zwei andere Wasserläufe, einer mit unvermutet sich

416 3925 3716 285 öffnender tiefer Schlucht; Abstürze des Wassers in einzelnen

423 4112 2009 281 Stufen, viel anstehendes Gestein.

602 4136 3507 356 20.IV. Vorm. Beginn der Grabarbeiten, südl. d. Lagers.

300 4378 3726 268 Schürfgraben von einer Fraas'schen  Fundstelle quer

342 4570 3754 253 über d. Hügel. Gleich anfangs ein gut erhaltener Schenkel„

315 4667 3782 277 knochen u. mehrere zusammenhängende Wirbel. Arbeits„
