4325 5213
3799 152 169 181 79

467 238 3521 267 16. Oct: Nachm. Poscho-Zahlung nur z. T., da Geldlasten-Träger

398 357 3499 246 ausgeblieben sind. Abd. Mit Janensch auf d. Tendaguru.

400 581 3535 253 Ende des Ramathan-Fastens, da gestern der neue Mond

401 717 884 304 nicht sichtbar.

607 889 3267 312 Sonntag d. 17. Oct. Ich wollte ursprünglich nicht weit

427 1085 3481 289 gehen, höchstens den Mbawala-Bock aufspüren, ging dann

435 1246 3416 230 aber, als Janensch sich aufmachte d. Knochen in der

414 1463 3620 234 tiefsten Saurierschicht an d. barrabarra zu besichtigen, mit

410 1558 3503 310 Ali gleichfalls in's Mbenkuru-Tal hinab u. zwar üb. die

407 1775 3591 272 Quelle am N-Fuß d. Tendaguru. Folgte einem in den

417 1995 3668 218 Plateaurand eingesenkten Bache, um zu sehen, ob die Saurier„

423 2175 3498 233 schicht hier vorkäme, fand Fossilien u. sah Konglomerate

398 2291 3677 224 weit in's Tal hinaus als niedrige Wellen laufen. Die

386 2473 3485 293 unterste Saurierschicht müßte noch darunter liegen;

365 2627 3549 322 die Gneißgrenze rückt weiter zurück. In d. Bucht am

383 2822 3682 284 Plateaufuß dichtes grünes Gesträuch, sah Mbawala-Familie,

360 3014 3715 268 Vater, Mutter u. Kind, machte aber keine Angriffe. Weiter

380 3193 3682 252 draußen stellenweis noch viel Gras, nirgends Deckung

368 3421 3559 233 u. keine Spuren. Kehrte in's Gebüsch zurück u. fand Losung

390 3571 3705 260 u. Spur verdächtig für Bunju (Elen-Antilope), zweifelte dann

388 3746 3659 259 doch wieder u. folgte, es konnte auch Barappi, Ndogolo oder

383 3916 3575 277 Ntandala (Ndope?) sein. Bald war ein helles Tier sichtbar,

376 4094 3577 260 Ali antwortete. Barappi sei es nicht, verschwieg aber, daß

420 4339 3297 250 es Bunju war. Flucht war nur in's Freie hinaus

406 4476 3421 248 möglich, ich ging nach u. schoß auf große Entfernung die

390 4624 3560 311 rechte Schulter entzwei. Jetzt erst sah ich es ganz und erfuhr
