5221 7894
2605 428 4991 689 doch nicht jener wohl bekan̄ten fanatiſch excentri‗
2674 620 4008 833 ſchen Richtung angehöre.
2696 740 4903 963 Nachdem Referent ſeinem Antrage noch
2675 897 4947 1105 einige mündliche Erörterungen und insbe‗
2638 1004 4941 1197 ſondere die Bemerkung beigefügt hatte, daß
2669 1116 4847 1286 er nur höchst ungerne dieſes Refererat
2687 1234 4817 1428 übernom̄en habe, ergreift Prof. Kuhn
2644 1350 4883 1562 das Wort und ſucht in einem längern
2652 1485 4915 1686 Vortrag das Facultäts Gutachten gegenüber
2633 1593 4931 1810 von dem Referenten und insbeſondere im
2651 1729 4776 1968 Hinblik auf die Bemerkungen des
2671 1848 4874 2075 Kirchenraths Schott zu vertheidigen
2641 1985 4938 2164 und den der Facultät in dem Entwurf
2647 2115 4964 2347 des Berichts an der Miniſterium gemachten
2626 2248 4889 2429 Vorwurf der Befangenheit zu beſeitigen.
2643 2433 4916 2614 Prof. Hefele hebt hauptſächlich hervor, daß
2635 2516 4881 2754 p Schim̄ele weder durch eine Disputation
2646 2719 4912 2899 noch durch irgend ein ſchriftſtelleriſches Werk
2657 2852 4932 3003 ſich ſeine wiſſenſchaftliche Tüchtigkeit erprobt
2631 2934 4962 3129 habe, und will ſodan̄ die gegen p Schim̄ele
2642 3075 4784 3283 vorgebrachte Beſchuldigung des Plagiats
2595 3225 4859 3408 in ſeinen Vorleſungen näher erläutern und
2621 3323 4852 3555 rechtfertigen. Ueber den leztern Punkt
2617 3504 3928 3669 entſtehen ſodan̄ heftige
3465 3431 3914 3549 lebhafte
3899 3442 4898 3651 Debatten zwiſchen
2657 3615 4920 3773 dem Referenten, Prof. Warnkönig, O.Kirchen‗
2640 3746 4935 3951 rath Schott pp einer= und den Profeßoren
2662 3889 4860 4057 Kuhn, Hefele, Welte p ander=Seits.
2651 4015 4929 4232 Während dieſe ihre desfallſigen Behauptungen
2643 4163 4751 4352 durch Vorlegung von Auszügen aus den
2646 4275 4930 4455 Collegheften des p Schim̄ele aufrecht erhalten
2655 4410 4910 4618 wollen, ſuchen dieſe jene — und insbeſondere
2625 4522 4896 4731 der Referent — gleichfalls durch Vorzeigung
2655 4644 4788 4842 von Excerpten eine ſolche Beſchuldigung
2619 4795 4812 4982 zu entkräften und nachzuweiſen, daß auch
2609 4922 3883 5110 der Lehrer des p Schim̄ele
3807 4897 4183 5002 Prof. Mack
3854 4931 4922 5121 ja ſelbſt Mitglieder
2637 5077 4818 5274 der gegenwärtigen kath. Facultät ſich ganz
2654 5212 4905 5355 auf ähnliche Weiſe wie p Schim̄ele fremder
2640 5327 4860 5531 Quellen, wie dieß ganz die Natur der
2634 5435 4862 5673 Sache mit ſich bringe, bedienen. Referent
2652 5613 4920 5790 hierüber von - Prof. Kuhn zu näherer Erklärung
2652 5722 4008 5915 aufgefordert - trägt eine
3810 5693 3972 5788 die
1671 5720 2507 5866 ╕ von ihme vorgenom̄ene
3979 5708 4896 5889 Unterſuchung der
2413 5889 3481 6063 einer Vorleſungen von
3310 5832 3463 5940 des
3451 5837 4831 6026 Prof. Welte vor und führt
2610 5971 3906 6168 aus, daß  in derſelben
3892 5951 4075 6037 hier
3873 5984 4625 6120 p Schim̄ele
4192 5937 4487 6046 Welte
4596 5937 4799 6068 in
2595 6107 4853 6333 Beziehung auf die Benutzung fremder Quellen
2617 6238 4759 6424 auf keinem andern StandPunkte ſtehe
2661 6412 3652 6585 als Prof. Welte
3135 6364 3554 6456 Schim̄ele
3621 6399 4530 6552 , was letzterer
4176 6334 4502 6447 Jener
4498 6362 4742 6508 zu
2601 6541 4745 6718 widerlegen ſich bemüht. Nach längeren
2580 6594 4952 6874 Erörterungen erklärt ſich aber das h. Collegium
2588 6729 4843 6986 dafür, daß eine Unterſuchung der Be‗
2601 6911 4842 7105 ſchuldigung des Plagiats als überflüßig
2621 7015 4898 7266 erſcheine und daher die Debatten in dieſer
