5221 7894
4669 456 4853 582 44.
3392 652 3620 778 §. 2.
1806 740 3011 888 Herr Prof. D. Hepp
2638 957 5029 1117 erſtattet Vortrag in Betreff der Ver‗
2682 1086 5017 1312 theilung der Lehrfächer der philosoph.
2664 1259 5006 1519 Facultät unter die ihr im neueſten
2647 1436 5004 1712 Normal=Etat zugewieſenen ordentl.
2637 1640 5015 1903 u. auſſerordentl. Lehrſtellen, worüber
2636 1818 4988 2109 die Facultät zu Folge Senats=Be‗
2665 2017 5016 2289 ſchluſſes v. 18. Jan. d. J. zwei gutächtl.
2649 2224 4927 2495 Aeuſſerungen v. 21. Febr. u. 21. März
2655 2489 4277 2684 d. J. abgegeben hat.
2897 2653 5028 2885 Jn dem - den Akten beiliegenden
2658 2824 4945 3083 ſchriftlichen Vortrag des Refer.
2684 3029 4588 3274 ſind 2. Fragen erörtert:
2665 3199 5020 3463 1.) wie viele Ordinariate der philos.
2692 3323 4949 3656 Facultät etatsmäßig zuſtehen?
2662 3620 4972 3896 2.) in welcher Weiſe die Lehrfächer
2654 3825 5013 4088 unter die ordentl. u. auſſerordentl.
2676 3995 5040 4275 Lehrſtühle der Facult. zu vertheilen
2703 4264 3101 4417 ſind?
2820 4371 5013 4619 Zur erſten Frage führt Refer.
2628 4553 4981 4828 die Anſicht aus, daß die im Miniſt.
2652 4747 5033 4995 Erlaſſe v. 13. März 1843. ausgeſprochene
2710 4926 4978 5187 Zahl von nur 8. Ordinariaten der
2657 5077 4993 5380 phil. Facult. blos auf einem
2642 5287 4993 5542 Schreibfehler beruhe, indem viel‗
2616 5487 4995 5731 mehr theils nach dem NormalEtat,
2650 5654 4921 5925 welcher im Ganzen 37. Ordinariate
2659 5866 5023 6116 feſtſetzt, theils nach den vom Senate
2666 6065 4862 6320 früher geſtellten u. durch das
2584 6269 4988 6512 K. Miniſterium genehmigten An‗
2620 6460 4989 6675 trägen - 9. Ordinariate der philos.
2644 6646 4905 6863 Facultät zuzuſcheiden ſeyen.
2077 1039 2213 1128 nr.
2067 1139 2483 1232 43. & 66.
