5221 7894
2615 772 4890 973 beſchloßen, bei dem K. Miniſterium
2584 920 4932 1152 eine unter Berufung auf das Univerſ.
2644 1084 4906 1336 Statut motivirte Anfrage darüber
2629 1265 4971 1513 zu machen, wie die Berufung des Directors
2641 1458 4577 1709 Schott zu betrachten ſey?
2969 1628 4985 1883 Zur Entwerfung des dießfallſigen
2627 1789 4894 2062 Berichts erbot ſich Hℓ. Prof. D. Knaus,
2596 1959 4890 2238 nachdem Herr Univerſ. Rath Waaser
2614 2139 4965 2424 erklärt hatte, daß er zwar den Berichts‗
2685 2324 4927 2599 Entwurf fertigen, aber in demſelben
2606 2515 4973 2790 nicht als Referent bezeichnet ſeyn wolle.
3619 2951 3845 3107 §. 5.
1788 3097 2925 3272 Herr Prof. H. Mohl
2581 3231 4860 3453 referirt über einen von der philos.
2657 3379 4904 3622 Facult. empfehlend vorgelegten Antrag
2637 3537 4926 3815 des Prof. v. Nörrenberg auf die An‗
2629 3723 4893 4002 ſchaffung eines großen Refractors
2649 3910 4931 4188 für das phyſik. aſtronomiſche Ca‗
2679 4106 4876 4374 binet, mit einem Koſten=Aufwand
2651 4433 3762 4526 von ~ 4,800. fℓ.
2706 4569 3790 4725 derſelbe trägt
3677 4452 3975 4517 ſofort
3790 4468 4818 4659 den Entwurf
2604 4621 4954 4916 eines Berichts an das K. Miniſterium
2665 4783 4934 5080 vor, worin dieſer Antrag unter‗
2643 4967 4888 5281 ſtützt wird, u. zwar in der Weiſe,
2638 5160 4918 5476 daß zu Beſtreitung des KoſtenBetrags
2614 5366 4914 5660 ein außerord. Zuſchuß aus der Univerſ.
2610 5552 4858 5835 Caſſe von ~ 1200. fℓ. verwilligt,
2619 5753 4919 6031 der Reſt aber aus den etatsmäßigen
2585 5952 4927 6238 Mitteln des Jnſtituts bis zum Etats=
2646 6209 4854 6367 Jahr 1846/47. incl. bezahlt werde.
2899 6340 4900 6581 Jn lezterer Beziehung machte
2620 6526 4842 6776 der Correfer, Hℓ. Univerſ. Rath
2650 6719 4856 6968 Waaser, den Vorſchlag, daß die
