5221 7894
4697 376 4880 488 14.
2697 695 4965 898 Zuſchußſum̄e aus der Univerſ. Caſſe
2696 897 4998 1039 auf die EtatsJahre 1844/45. u. 1845/46.
2726 1001 5034 1237 je zur Hälfte mit 600. fℓ. vertheilt
2700 1162 5026 1419 u. ſonach die Koſten folgendermaßen
2695 1348 4653 1569 beſtritten werden ſollten:
2604 1489 5018 1726 1) 1./3. baar bei der Beſtellung aus den
2692 1646 5043 1885 Mitteln des Jnſtituts mit — 1,600. f.
2586 1836 4944 2046 2.) 2./3. bei Ablieferung des Jnſtruments
2872 2012 4412 2209 im Jahr 1845., nämlich
2682 2139 5016 2347 a.) aus den sub 1.) noch übrigen — 150. f.
2693 2314 5026 2495 b.) dem Zuſchuß v. — 1,200. f.
2689 2477 4631 2695 c.) den künftigen Mitteln des
2801 2669 4361 2856 Jnſtituts v. jährl. 850. fℓ.
2893 2843 5031 2987 p. 1844/45. u. 1845/46. — 1,600. f.
2709 3065 4561 3204 d.) durch einen p. 1846/47. wieder
2777 3175 4603 3378 in Abzug kom̄enden Vorſchuß
3068 3302 5002 3529 der Univerſ. Caſſe v. — 250. f
4030 3498 4993 3678 zuſ. — 4800. f
2662 3762 4997 4032 Der vom Refer. beantragte Bericht
2710 3933 5033 4186 wurde mit dem vom Hℓ. Correfer.
2720 4096 5032 4362 vorgeſchlagenen, vorſtehenden Zuſatz
2646 4319 4664 4545 einſtim̄ig genehmigt.
3648 4782 3930 4917 §. 6.
1734 4938 2974 5135 Herr Univerſ. Rath
2417 5128 2965 5267 Waaser
2622 5227 4957 5493 legt den Entwurf eines Berichts an
2678 5377 4976 5641 das K. Miniſterium vor, wonach in
2674 5551 5035 5835 Uebereinſtim̄ung mit dem Gutachten
2686 5769 5014 6011 der Medic. Facultät v. 6. d. M. der
2677 5958 4892 6210 Antrag geſtellt iſt, daß die
2697 6145 5022 6398 durch den Austritt des Med. ſtud.
2687 6343 5005 6595 Fr Schott vacant werdende Aſſi‗
2697 6538 5024 6794 ſtenten=Stelle an der Medicin.
2682 6745 4994 6983 Clinik dem Med. stud. Franz
2163 5438 2316 5516 nr.
2200 5537 2324 5621 4.
