5221 7894
4612 174 4905 316 310.
2639 489 5008 767 auf das Gutachten von Studirenden.
2638 674 5042 985 Gerade aber von ſolchen Studirenden,
2687 832 5033 1083 welche vermöge der ihnen zur Seite
3635 1030 3697 1085 ╕
2663 1012 4951 1265 ſtehenden längern Erfahrung allein
2669 1126 4937 1403 geeignet ſeien, in der Sache ein
2703 1265 5000 1485 Urtheil abzugeben, habe er ſchon das
2681 1404 4986 1711 Gegentheil vernom̄en. Er beantrage
2659 1549 4996 1842 deßhalb, dem Prof. Wunderlich die
2714 1675 5005 1956 Vorſtandsſtelle an der medic. Clinik
2694 1856 4943 2113 nunmehr definitiv zu übertragen und
2686 1968 4916 2271 ihn zum ordinarius zu befördern.
2837 2194 4733 2484 Hℓ Prof. v. Mohl entgegnet:
2733 2353 5067 2655 Prof. Wunderlich habe ſeit 2 Monaten
2674 2524 4958 2785 ſeinen cliniſchen Unterricht in 2
2710 2621 5015 2893 Stunden abgetheilt und erſt ſeit dieſer
2718 2768 4932 3037 Zeit habe ſich das Urtheil über ihn
2714 2906 4936 3164 zu ſeinem Vortheil geändert. Dieſe
2687 3031 5034 3333 Zeit ſei aber zu kurz, um der Facultät
2651 3226 5035 3481 hinreichende Beruhigung über die practiſche
2676 3356 4857 3624 Befähigung Wunderlichs zu gewähren.
2692 3550 4382 3782 Deßhalb ſei ſie gegenwärtig
4396 3495 4547 3550 auch
4382 3509 5034 3695 nicht in der
2709 3643 5011 3940 Lage, die definitive Uebertragung
2712 3795 5019 4027 der Vorſtandsſtelle an der med. Clinik
2695 3949 4759 4233 an Prof. Wunderlich vorzuſchlagen.
2879 4156 4910 4443 Hℓ Prof. Maier ſchließt: Da
2717 4374 4997 4615 p Wunderlich bekan̄termaßen eine
2746 4484 5037 4767 gar keine Praxis habe, ſo ge‗
2743 4632 5010 4873 nieße er als practiſcher Arzt kein
2778 4796 4870 5025 Vertrauen beim Publikum. Er
2706 4940 5048 5224 ſey durchaus gegen den Antrag des
2806 5123 4031 5364 Hℓ Prof. v. Rieke.
2751 5309 4873 5582 Hℓ Prof. Volz theilt dieſe Anſicht,
2644 5442 4989 5702 wogegen Hℓ Prof. Fallati dem Vor‗
2646 5591 5055 5855 ſchlag der medic. Facultät ſich anſchließt,
2671 5758 5030 5993 indem in ausführt: durch die Ueber‗
2675 5916 5043 6179 tragung der einer ordentlichen Profeßur
2668 6053 4854 6235 an p Wunderlich werde allerdings
2652 6186 4964 6379 der Etat überſchritten; allein dieſe
2667 6337 4199 6571 Ueberſchreitung ſey durch
4197 6294 4317 6384 die
4169 6306 4919 6440 anerkan̄ten
2663 6411 4924 6716 ausgezeichneten theoretiſchen Leiſtungen
2611 6578 5014 6795 Wunderlichs ſowie durch den weitern
2667 6726 4953 6987 Umſtand, daß Wunderlich, inſoferne
2668 6872 5045 7134 er Fächer vortrage, über welche vorher
2671 7009 4974 7255 keine Vorleſungen gehalten worden ſeien,
1097 1077 2427 1242 ╕ u. theilweiſe auch auf andern
1278 1179 2489 1369 Univerſitäten geſam̄elten
