5221 7894
3573 682 3724 821 §. 1.
1574 716 2199 912 Referent:
1727 897 2936 1058 Herr Prof. D. v. Mohl.
2590 1057 4917 1257 a.) Miniſt: Erlaß vom 7. Januar d. J., betrℓ.
2611 1215 4948 1424 die Ausſchmükung des Feſtſaals im neuen
2626 1430 4379 1614 UniverſitätsGebäude, und
2618 1575 4860 1803 b.) Aeuſſerung des Prof. Dieterich in
2636 1748 4838 2001 Stuttgart über dieſen Gegenſtand đđ.
2676 1947 4886 2151 27. April d. J. auf eine an ihn erlaſſene
2675 2061 4793 2216 Anfrage der Senats=Comiſsion v. 21. Febr. d. J.
2722 2137 4870 2376 Referent beantragt einen Bericht
2640 2308 4817 2535 an das K. Miniſterium, in welchem
2634 2501 4473 2707 darauf angetragen wird, daß
2648 2672 4958 2908 1.) die zu malenden 4. Wandbilder fol‗
2666 2836 4942 3083 gendermaßen definitiv feſtgeſetzt werden:
2732 3035 4918 3265 a.) Uebergabe der Privil. u. Statuten
2752 3193 4866 3437 der Univerſität von Graf Eberhard
2759 3431 4158 3602 im Bart im Jahr 1477.
2722 3560 4969 3801 b.) Beſuch Herzog Chriſtophs im ev. Seminar
2710 3729 4964 3957 bei deſſen Erweiterung nach dem Jnterim,
2730 3923 4938 4150 c.) Ritterſpiele im Hofe des Collegium
2730 4093 4970 4325 illustre in Gegenwart Herzogs Friedrich
2709 4302 4052 4471 I. u des Erbprinzen,
2681 4441 4932 4658 d.) Feſtzug der Univerſität vor Sr.
2713 4599 4958 4844 Majeſtät dem König am 27. Sept. 1842
2742 4788 4956 5025 oder, wen̄ ſich eine ſolche noch ereignen
2733 4970 4967 5199 ſollte, die Anweſenheit Seiner Majeſtät
2714 5156 4954 5380 bei einer Univerſ. Feyerlichkeit in Tübinge
2626 5393 4962 5630 2.) daß von Seite des K. FinanzMiniſterium
2636 5559 4900 5800 mit Prof. Dieterich ein Vertrag über
2643 5741 4969 6000 Verfertigung der vorerwähnten Fresco‗
2653 5992 4433 6177 Bilder abgeſchloſſen werde.
2793 6183 4948 6359 Nach einer längeren Discuſsion über
2644 6336 4932 6551 dieſe Anträge des Hℓ. Refer. und über
2638 6531 4926 6727 den GegenAntrag des Prof D. Volz, daß
2672 6720 4936 6909 nicht Prof. Dieterich mit Ausführung
2196 1145 2310 1252 nr.
2118 1274 2466 1390 5. u. 90.
