5221 7894
4668 166 4997 374 295.
2683 405 4979 670 Beziehung abzubrechen ſeien. Nun tritt der
2742 557 5001 785 Senior der kath. theol. Facultät, Prof.
2700 729 4994 948 v. Drey, auf und ſezt die Gründe aus‗
2730 853 5019 1085 einander, welche ihn bewogen haben, dem
2736 1012 5023 1198 1ten Facultäts Gutachten beizuſtim̄en. Gegen
2725 1125 5035 1297 das 2te Gutachten ſei er durchaus geweſen.
2687 1234 4874 1437 Die ╕ Abneigung gegen p Schim̄ele gelte
2715 1372 4932 1580 weniger einem etwaigen Mangel an
2709 1482 5039 1683 wiſſenſchaftlicher Bildung als vielmehr ſeiner
2740 1624 5038 1828 Perſon. Deſſenungeachtet kön̄e er für
2724 1769 4935 1923 den Antrag des Referenten nicht ſtim̄en;
2702 1883 5041 2090 da p Schim̄ele jedenfalls noch keine ſpecielle
2747 2008 4989 2227 Proben ſeiner wiſſenſchaftlichen Tüchtigkeit
2727 2144 5032 2368 abgelegt habe und überhaupt noch zu jung
2724 2256 4952 2520 ſei. Die vom Referenten für die
2732 2388 5060 2633 alsbaldige Beförderung p Schim̄eles geltend
2720 2547 5012 2749 gemachten Gründe, daß nämlich deſſen
2711 2714 4828 2893 Com̄ilitonen theilweiſe ſchon größere
4292 2625 4882 2729 vortheilhaftere
4800 2639 5026 2812 Be‗
2728 2804 4836 3022 förderungen zu Theil geworden ſeien,
2723 2929 4969 3148 daß ferner für die Univerſität ein
2736 3070 4940 3304 anderer paſſender Man̄ ſchwer zu finden
2744 3247 4991 3421 wäre, ſeien nicht unſtichhaltig. Gegen die
2697 3365 4968 3586 in dem beantragten Berichte gebrauchten
2736 3503 5041 3677 Ausdrüke wie vorgebrachten Beſchuldigungen
2723 3641 5067 3891 von Auflehnung gegen die ſtaatsgeſezliche Ordnung
2731 3818 4942 4000 u. ſ. w. müſſe er Verwahrung einlegen,
2730 3955 5001 4154 da eine ſolche wenigſtens hier überall nicht
2717 4071 5019 4287 zur Erſcheinung gekom̄en ſei. Was überhaupt
2720 4261 5047 4395 die desfallſigen Andeutungen in dem Berichte
2683 4328 5047 4563 in Beziehung auf den Ultramontanismus
2710 4476 4839 4678 betreffe, ſo ſehe er ſich veranlaßt, hier
2751 4626 5055 4817 offen ſeine vollkom̄enſte Ueberzeugung auszu‗
2720 4788 5055 4974 ſprechen, welche dahin gehe, daß, ja
2725 4907 4976 5110 mehr durch Aufſtellung von Docenten der
2744 5033 5053 5292 entgegengeſezten Richtung auf die Unter‗
2721 5194 4867 5434 drükung jenes Princips hingearbeitet
2776 5337 5075 5547 werden wolle, dieſes gerade dazu beitragen
2743 5500 3190 5654 würde,
3168 5521 3283 5578 daß
3190 5498 5059 5671 daſſelbe, nachdem es einmal Anhänger
2808 5611 5024 5856 und zum Theil - talentvolle gefunden habe,
2743 5788 5019 6007 ſich nur deſto kräftiger und umfangreicher
2714 5929 5050 6120 entwikle. Dieſer Anſicht wird von vielen
2748 6068 4916 6315 Seiten beigetreten. Sodan̄ führt Prof.
2758 6222 4952 6398 Hepp aus, der Senat ſoll ſich vom
2763 6324 4971 6567 politiſchen  StandPuncte ganz ferne
2743 6451 5004 6711 halten. Man habe es hier nur mit dem
2759 6600 5000 6852 wiſſenſchaftlichen Felde zu thun. Von dieſem
2762 6755 4898 6938 StandPunkte aus müſſe er aber den
2787 6850 5016 7059 Antrag ſtellen, der Beförderung Schim̄eles
2738 7054 5064 7235 das Wort nicht zu reden, da er bis jezt
2765 7172 4997 7383 ſeine wiſſenſchaftliche Tüchtigkeit nicht
833 1232 2539 1485 ╕ unter einem Theile der Convikts‗
889 1396 2053 1609 Zöglinge herrſchende ſchon
1957 1363 2142 1426 von
2020 1372 2581 1538 früherer Zeit
865 1521 1439 1733 herſtam̄ende
