5221 7894
2604 432 4947 719 erprobt ſei. Prof. Volz ſtim̄t dieſem
2632 659 4950 866 Antrage bei und bemerkt, daß überhaupt
2632 772 4914 1005 eine Lehrſtelle nicht vacant ſei. Prof.
2620 886 4785 1093 v. Schmid findet aber hierin keinen
2660 1034 4916 1259 Grund, der Beförderung p Schim̄ele's zum
2636 1170 4838 1388 auſſerordentlichen Profeßor, wodurch noch
2644 1309 4867 1531 keine neue Lehrſtelle gegründet werde,
2602 1454 4945 1681 entgegen zu treten. — Nach langen Erörterungen
2580 1574 4829 1802 bringt Se Magnificenz die Frage
2620 1777 3404 1962 zur Abſtim̄ung:
2797 1847 4985 2067 ſoll überhaupt auf die alsbaldige Beförde‗
2828 1999 4982 2222 rung des Priv. Docenten Prof. Schim̄ele
2796 2162 3919 2372 angetragen werden?
2620 2321 3829 2550 Dieſe Frage wird
3814 2268 4006 2404 mit
3798 2282 4948 2518 allen Stim̄en gegen
2630 2477 4826 2650 die des Referenten  verneint.
2623 2624 4742 2839 Nun entſtehen aber beinahe ebenſolange
2660 2745 4904 2896 Debatten darüber, wie dieſer Beſchluß
2609 2878 4861 3083 motivirt werden ſoll. Während einige
2644 3006 4785 3214 Mitglieder des h. Collegiums glauben,
2629 3132 4855 3330 man ſolle nur einfach anführen, daß die
2622 3297 4969 3471 Beförderung p Schim̄eles deßwegen nicht beantragt
2610 3435 4845 3615 werden kön̄e, weil ſeine wiſſenſchaftliche
2633 3553 4844 3752 Tüchtigkeit vnd ſpeciell nicht bewährt ſei,
2653 3694 4902 3893 wollen andere etwas zu Gunſten deſſelben
2626 3835 3476 4038 angeführt wiſſen
3353 3811 3667 3921 wiſſen
3447 3823 4831 4002 haben. Zugleich entſteht
2610 3955 4877 4126 eine Meinungs Verſchiedenheit darüber, was
2595 4092 4922 4312 in Beziehung auf die dem gegen p Schim̄ele
2632 4230 4884 4462 vorgebrachte Beſchuldigung des Plagiats ge‗
2614 4386 4931 4581 ſagt werden ſoll. Die aufgeworfene Frage,
2644 4491 4881 4706 ob dieſe Beſchuldigung näher zu unterſuchen ſei,
2632 4648 4763 4829 wird mit Stim̄enmehrheit verneint.
2611 4758 4795 4971 Endlich wird der Antrag des Prof.
2607 4928 3265 5088 v. Schmid:
2776 5072 4908 5252 dem K. Miniſterium zu berichten daß
2767 5162 4824 5362 der Senat für jezt auf die Ernen̄ung
2797 5301 4835 5476 des Priv. Doc. Prof. Schim̄ele zum
2763 5430 4751 5650 wirklichen auſſerordentlichen Profeßor
2756 5581 4892 5822 nicht antragen kön̄e, weil derſelbe noch
2780 5703 4960 5942 keine Probe wiſſenſchaftlicher Befähigung
2780 5887 4797 6065 geliefert habe; dabei ſei aber in
2761 5991 4784 6170 Betreff der widerſprechenden Urtheile
2760 6110 4787 6340 über ſeine Lehrtüchtigkeit der Senat
2772 6239 4861 6461 der Anſicht, wie ein Beweis dafür
2796 6377 4874 6630 nicht vorliege, daß dieſer Man̄ nicht
2806 6503 4937 6755 ein tüchtiger akademiſcher Lehrer werden
2747 6677 3010 6839 ſoll,
2566 6852 4835 7053 mit 14. gegen 9. Stim̄en zum Beſchluß
2590 6973 3002 7162 erhoben.
2708 7087 4366 7276 Referent erklärt, er werde
4058 6983 4631 7149 wünſche, daß
4336 7092 4725 7215 ſeinen
2646 7190 4922 7349 Antrag als Separat Votum zu den Akten legte
2353 7269 3041 7405 beigelegt werde. —
2621 7273 4862 7498 Hiermit ward dieſe Verhandlung zu Ende gebracht.
