5221 7894
4762 344 4854 470 2.
2636 629 5001 852 Verf. Urk. auf den vorliegenden
2706 779 5030 1022 Fall keine Anwendung finden kön̄e.
2886 957 4927 1175 D. v. Mohl iſt aber der Anſicht,
2681 1096 5043 1369 daß nach dem Wortlaute des Miniſt.
2727 1326 4952 1509 Reſcripts der Conv. Director Schott
2692 1445 4930 1713 nicht als ordentl. Mitglied des
2699 1608 5017 1900 Senats, ſondern nur als außerord.
2700 1783 5035 2092 oder Ehren=Mitglied zu betrachten
2722 1973 4890 2271 ſeyn dürfte. Dieſer Anſicht
2680 2171 5006 2439 wird von D. Mayer widerſprochen,
2684 2343 5036 2596 welcher den Director Schott als ein
2674 2520 5022 2776 wirkliches Senats=Mitglied anſieht,
2682 2698 5042 2941 das in ſeinem Sitze p vorzurüken habe.
2891 2868 5029 3128 Nach längeren Erörterungen
2713 3028 4965 3291 hierüber kam zunächſt die Frage
2729 3263 3985 3451 zur Abſtim̄ung:
2868 3377 5013 3619 ob der Senat aus Anlaß der
2894 3519 5034 3776 gedachten Ernen̄ung überhaupt
2862 3696 5030 3964 eine Vorſtellung machen ſolle?
2682 3895 5019 4185 Dieſe Frage wurde mit 15. gegen
2677 4176 4073 4316 13. Stim̄en bejaht.
2842 4259 4980 4523 Hierauf ſtellte D. Knaus
2676 4429 5033 4699 den Antrag, bei dem K. Miniſt.
2707 4597 4966 4871 anzufragen, in welcher Weiſe
2687 4805 5010 5036 die Ernen̄ung des Directors Schott
2738 4952 4106 5231 anzuſehen ſey?
2914 5184 4872 5418 Dieſer Antrag wurde mit
2668 5333 4980 5606 gleicher Majorität abgelehnt.
2967 5553 4974 5790 Nun kam ein Antrag des Dr.
2671 5720 5010 5976 Mayer zur Abſtim̄ung, welcher im
2681 5900 5038 6168 Weſentl. dahin geht, dem K. Miniſt.
2718 6090 5010 6332 zu erklären, daß der Senat in
2684 6271 4986 6525 der Ernen̄ung des Direct. Schott
2694 6474 4878 6708 bereits eine Anerken̄ung des
2666 6663 4942 6881 Grundſatzes, wonach künftig die
