5221 7894
4762 340 4888 479 8.
2666 746 5001 983 Die hierauf eröffnete Discuſsion
2670 906 4898 1171 über den fragl. Gegenſtand betraf
2728 1061 5023 1338 zunächſt die Frage, ob der frühere
2676 1217 5013 1517 Antrag des Senats auf die An‗
2692 1390 5026 1696 ſtellung von zwei Lehrern feſtge‗
2713 1564 5065 1868 halten, oder ob nach dem Gutachten
2668 1764 5022 2056 der Facultät nur Ein Lehrer in
2677 2003 4627 2241 Vorſchlag kom̄en ſolle?
2963 2167 5019 2401 Nachdem mit großer Majorität
2695 2322 5029 2619 beſchloßen worden war, den früheren
2730 2512 5025 2807 Antrag feſtzuhalten, kam die
2780 2703 5019 2989 Frage zur Erörterung, ob die
2720 2915 4959 3190 von dem Miniſterium und der
2708 3077 5006 3378 philosoph. Facultät namhaft
2742 3257 5039 3557 gemachten Män̄er nach dem An‗
2724 3435 5055 3768 trag der Facult. u. des Referenten
2796 3608 4765 3946 zu beſeitigen ſeyen?
2958 3831 5037 4122 Hiebei ergab ſich nur hinſichtlich
2658 3994 5028 4310 des Cand. Hoffman̄ eine Meinungs=
2707 4158 5011 4480 Verſchiedenheit. D. v. Baur glaubte
2696 4323 5000 4645 nämlich, daß die von der Facultät
2691 4497 5032 4800 gegebene Prädicirung p Hoffman̄'s
2684 4685 5018 4987 etwas zu günſtig ſey u. daß der‗
2730 4838 4980 5172 ſelbe den übrigen beſeitigten
2694 5031 4918 5343 Candidaten gleichzuſtellen ſey;
2709 5212 5020 5517 wogegen Dr. Mayer das vortheil‗
2729 5396 5008 5709 hafte Urtheil über p Hoffman̄ be
2694 5598 5010 5899 unterſtützte u. den Antrag ſtellte,
2696 5778 5046 6080 daß derſelbe als für die philosoph.
2680 5971 4998 6258 Lehrſtelle befähigt vorgeſchlagen
2674 6169 4998 6442 werde. Durch Stim̄en=Mehrheit
2698 6356 4995 6637 wurde jedoch beſchloßen, den Cand.
2689 6557 4885 6838 Hoffman̄ nach dem Antrag des
2742 6730 4865 6994 Referenten zu beſeitigen.
