5221 7894
4673 166 5042 363 294.
2635 415 4936 716 zuwiderlaufend findet, wen̄ der Vortrag
2688 566 5013 802 des Referenten durch die Äußerung eines
2693 716 4973 911 Mitglieds unterbrochen werde und wen̄
2705 800 4898 1098 der Referent ſich nicht ganz auf das,
2664 918 4947 1199 was in den  Akten liegt, ſeine
2676 1064 4985 1338 Urtheil beſchränke. Dieſes wird aber
2712 1155 5067 1463 von Prof. Hoffman̄ und Andern beſtritten,
2658 1313 5067 1587 und dagegen geltend gemacht, daß bei einem
2700 1449 5027 1703 Verwaltungs Collegium andere Grundſätze
2705 1547 4973 1849 gelten, daß zu Erforſchung materieller
2684 1672 4972 1976 Wahrheit, um die es ſich hier handle, der
2710 1860 4920 2103 Referent alle ihm zugekom̄enen nicht blos
2675 1942 5021 2245 die in den Akten enthaltenen Notizen
2696 2099 4957 2385 zu benuzen habe und daß es von ſeinem
2705 2180 5052 2491 Ermeſſen überhaupt abhänge, in welcher Weiſe
2714 2327 5065 2606 er ſeinen Vortrag erſtatten wolle. Nachdem
2702 2468 4994 2787 jedoch von andern dieſer Anſicht entgegen
2687 2572 5036 2907 getreten wird, ſieht ſich der Vorſtand des
2710 2705 4961 2967 Collegiums veranlaßt, die Frage zur
2699 2835 5013 3122 Abſtim̄ung zu bringen, ob Oberkirchenrath
2717 2975 5055 3259 Schott befugt ſei, ſeine weitern Notizen
2714 3109 5057 3341 Bemerkungen über das Facultäts Gutachten
2721 3232 4981 3507 jezt vorzutragen? — welche Frage mit
2725 3354 4879 3620 17. Stim̄en gegen 4. bejaht wird.
2711 3524 4967 3769 Oberkirchenrath Schott verliest ſofort ſeine
2697 3650 5019 3918 Bemerkungen, worauf Referent den von ihm
2705 3791 5064 3995 entworfenen Bericht des an das K. Miniſterium
2697 3923 4983 4161 vorträgt, in welchem demſelben zu erklären
2711 4048 4995 4276 der Antrag geſtellt iſt: daß dringende in̄ere
2740 4203 4953 4453 Gründe für die alsbaldige Beförderung des
2763 4315 5058 4500 Docenten Schim̄ele nicht vorliegen, daß dagegen
2712 4479 4022 4660 äußere Gründe vorliegen,
3739 4428 4215 4529 handen ſeien
4129 4422 5058 4595 welche die alsbaldige
2729 4549 5068 4777 Ernen̄ung des p Schim̄ele zum wirklichen auſſer‗
2723 4699 4980 4882 ordentlichen Profeßor und Mitglied der
2690 4805 5001 5062 Facultät wünſchenswerth machen, indem es
2752 4935 5020 5182 a. als angemeſſen erſcheine, daß in der
2913 5047 5050 5281 Facultät auch die chriſtliche Moral, welche
2754 5200 5086 5424 von Schim̄ele vorgetragen werde, repraesentirt
2877 5383 3083 5540 ſei.
2728 5460 5037 5727 b. indem ferner die perſönlichen Verhältnißen
4677 5357 5024 5559 deſſelben
2872 5592 5033 5807 die nunmehrige Fixierung ſeiner acade‗
2896 5694 5057 5956 miſchen Stellung rechtfertigen, welche Stel‗
2923 5949 3167 6080 lung
2749 5987 4907 6192 c. keineswegs eine ſo anziehende wäre,
2904 6101 5026 6357 daß ſeine Verpflanzung auf eine in einen
2918 6212 5071 6489 andern für ihn geeignetern Wirkungskreis,
2941 6337 5043 6612 falls er den von ihm gehegten Erwartungen
2980 6490 5055 6764 nicht entſprechen ſollte, irgendwie Schwierig‗
2984 6657 3843 6837 keit darböte;
2947 6801 3607 6991 indem endlich
2759 6929 5065 7150 d. politiſche Gründe ſehr dafür ſprechen, inſofern
2882 7045 5010 7285 Schim̄ele, obgleich ein orthodoxer Theologe,
