5221 7894
2660 725 4929 984 Prof. R. v. Mohl ſtellte den Antrag,
2586 873 4907 1158 daß ſich der Senat direct gegen das
2614 1062 4868 1322 Geſuch des Dr. Frank ausſpreche,
2624 1238 4918 1496 weil es unangemeſſen erſcheine, daß
2625 1414 4944 1668 ein Aſſiſtent des Clinikums den
2636 1596 4924 1841 Rang eines außerord. Profeſſors
2600 1780 4858 2026 erhalte. Durch Stim̄enMehrheit
2604 1956 4899 2193 wurde ſofort der Antrag des Refe‗
2619 2137 4791 2382 renten Dr. Kuhn abgelehnt.
2804 2305 4925 2565 Auch der Antrag des H. Prof. F. v.
2634 2487 4908 2746 Gmelin, es als Gnadenſache lediglich
2601 2686 4898 2929 dem Ermeſſen des K. Miniſteriums
2615 2873 4933 3113 anheimzugeben, wurde per majora
2653 3071 4918 3315 beſeitigt; worauf nun der An‗
2614 3270 4953 3500 trag des H. Prof. v. Mohl durch Accla‗
2584 3445 4849 3689 mation genehmigt wurde u.
2646 3605 4918 3863 zwar in der Faſſung, daß der Senat
2630 3807 4882 4053 dem Zeugniße der Facultät nur
2632 4026 4800 4261 beiſtim̄en kön̄e, den̄och aber
2660 4187 4876 4449 glaube, daß die Stellung des
2650 4357 4914 4628 D. Franck als AſſiſtenzArzt zu
2586 4561 4828 4841 dem Vorſtand der Clinik es
2609 4747 4861 5025 nicht wünſchenswerth mache,
2606 4971 4917 5220 daß ihm der Rang eines außerord.
2611 5157 4871 5399 Profeſſors verliehen werde.
3619 5705 3850 5834 §. 4.
2096 5874 3236 6057 Hℓ. Prof. Dr. Mayer
2630 5954 4884 6228 reproponirt den in der Sitzung vom
2642 6123 4887 6401 4. d. M. gefaßten Beſchluß in Betreff
2580 6326 4838 6585 der Berufung des Convicts Directors
2646 6509 4836 6785 Schott zur Theilnahme an den Ge‗
2665 6714 4789 6976 ſchäften des acad. Senats,
2109 6293 2227 6356 nr.
2137 6386 2314 6456 329:
