5221 7894
2601 511 4983 708 wirklich eine Lüke ausfülle, hinlänglich
2608 698 3430 939 gerechtfertigt.
2684 902 5013 1167 Hℓ Prof. Hepp drükt ſeine Jndigna
2632 1117 5008 1239 tion über die von p Wunderlich in ſeiner
2628 1210 4947 1470 Eingabe ausgeſprochenen Drohungen aus
2657 1355 4885 1563 und erklärt, daß ſolche ihn durchaus
2659 1482 4929 1772 nicht beſtim̄en, die Beförderungen des
2664 1688 4584 1879 Prof. Wunderlich zu beantragen.
2695 1843 4873 2098 Hℓ Prof. Reyſcher führt aus: die
2677 2030 5019 2248 mediciniſche Clinik müſſe aus ihrem biſerig
2683 2181 5011 2387 ungewiſſen unſichern Zuſtande heraus ge‗
2689 2336 4929 2481 riſſen werden. Es laſſe ſich gewiß in
2652 2454 4969 2672 Deutſchland ein geeigneterer Man̄ für
2639 2580 4958 2773 die Vorſtandsſtelle an der mediciniſchen
2617 2675 5006 2884 Clinik finden, und hiemit ſollte die Facu
2655 2851 4931 3071 ſogleich beauftragt werden. Auf der
2649 2976 5002 3164 andern Seite aber ſey man dem Prof.
2599 3108 4942 3321 Wunderlich eine Anerken̄ung ſchuldig.
2687 3241 4959 3509 Seine theoretiſchen Leiſtungen ſeien von
2666 3423 4945 3612 der Art, daß der Abgang Wunderlichs
2684 3520 5007 3732 von der hieſigen Univerſität ein Ver
2645 3657 4918 3867 lurſt für dieſelbe wäre. Er möchte
2647 3779 4916 4046 deßhalb beantragen, daß dem Prof.
2649 3979 5025 4190 Wunderlich der Titel und Rang eines
2736 4126 4434 4351 ordinarius ertheilt werde.
2726 4310 4918 4554 Nach einigen Erörterungen über die
2636 4495 4943 4668 dem Prof. Wunderlich während ſeiner
2617 4634 4834 4790 bisherigen Thätigkeit am Clinikum
2611 4735 4994 4984 zur Laſt gelegten Verfehlungen, wird
2619 4890 4916 5098 zur Abſtim̄ung geſchritten, und ſofort
2665 5016 4957 5273 der Antrag des Hℓ Referenten
3031 5218 4725 5495 mit 14. gegen 12. Stim̄en
2647 5401 4918 5682 angenom̄en, jedoch mit der Beſtim̄ung
2648 5563 4866 5846 daß Hℓ Referent die ſich auf die
2634 5688 4962 5965 literariſche Thätigkeit p Wunderlichs be‗
2660 5860 4974 6111 ziehenden Stellen in ſeinem Berichts=
2648 6007 4985 6259 Entwurfe im Sin̄e des hohen Colle‗
2632 6164 4540 6392 giums angemeſſen abändern.
2699 6310 4980 6541 Sodan̄ wird über den Antrag des
2656 6445 4127 6733 Hℓ Prof. Reyſcher:
2973 6654 5008 6840 dem auſſerordentl. Prof. Wunderlich
2955 6798 4786 7003 den Titel und Rang eines
2972 6959 4532 7165 ordinarius zu verleihen
2651 7127 4805 7379 abgeſtim̄t und derſelbe mit
