5221 7894
4625 462 4973 538 3.
2651 700 4953 937 nachdem zuvor Herr Prof. D. Hepp,
2707 870 5026 1118 als ProRector, den Vorſitz einge‗
2676 1111 3848 1298 nom̄en hatte.
2804 1237 5056 1483 Hℓ. Referent iſt nach dem Ergeb‗
2668 1420 5019 1669 niſſe der von dem Univerſ. Amte
2712 1604 5030 1863 gepflogenen weiteren Unterſuch‗
2668 1802 4912 2086 ungen der Anſicht, daß das
2698 1997 5043 2265 Erken̄tniß der acad. Discipl. Com̄iſs.
2674 2175 4990 2443 vom 15. Sept. V. J. vollkom̄en zu
2709 2342 4960 2642 beſtätigen ſey, was ſofort auch
2672 2543 5012 2851 einſtim̄ig zum Beſchluß erhoben
2723 2885 3113 3017 wird.
2866 2914 5032 3172 Die Mitglieder der Disc. Com̄iſs.
2646 3069 5014 3364 nahmen an der Abſtim̄ung keinen
2747 3419 3223 3526 Theil.
3718 3810 4006 3945 §. 4.
1848 4036 3201 4227 Hℓ. Prof. R. v. Mohl
2671 4201 4955 4446 referirt eine Aeußerung der jurid.
2710 4320 5043 4611 Facultät über das Geſuch des Prof.
2778 4503 5008 4795 D. Köſtlin um Berükſichtigung bei
2714 4704 5001 5005 Beſetzung der erledigten ordentl.
2716 4893 5032 5194 Lehrſtelle. Die Facultät iſt hienach
2658 5103 4980 5381 der Anſicht, daß, ſolange über die
2699 5314 4968 5577 Beſetzung der Stelle für das kath.
2654 5505 4954 5775 Kirchenrecht nicht entſchieden ſei,
2730 5697 4972 5961 jedes weitere Eingehen in das
2668 5903 5035 6154 Geſuch des D. Köſtlin auſſer Frage ſtehe.
2937 6109 5021 6345 Nach dem Antrage des Hℓ. Ref.
2674 6286 5005 6537 wird ein Bericht an das K Minist:
2714 6459 5014 6716 beſchloſſen, worin ſich der Senat
2717 6668 5025 6908 dieſer Anſicht der Facultät anſchließt
2121 4502 2277 4606 nr.
2099 4631 2620 4733 331. 345.
