5221 7894
2178 1106 2477 1310 123.
3287 507 3590 711 §. 2.
2640 815 4957 1089 Herr Prof. Fichte referirt über die
2836 1021 4985 1223 definitive Beſetzung der Vorſtands‗
2924 1171 4967 1368 Stelle an der mediciniſchen Clinik
2976 1311 4535 1503 und in Verbindung damit
2901 1452 4903 1669 über die Beförderung des Prof.
2884 1604 4999 1838 Wunderlich zum ordentlichen Profeßor.
2660 1825 4992 2010 Nach Verleſung des Gutachtens der me‗
2644 1974 4985 2195 diciniſchen Facultät und der übrigen
2640 2110 4939 2327 einſchlägigen Aktenſtüke begründet
2621 2267 4996 2469 er ſeinen in dem von ihm entwor‗
2617 2350 5004 2639 fenen Bericht an das K. Miniſterium
2621 2532 4894 2752 entwikelten Antrag, welcher dahin
2646 2700 2979 2909 geht:
2858 2794 4931 3033 es ſoll der mediciniſchen Facultät
2844 2963 4903 3191 auferlegt werden, auch jezt noch
2872 3092 4981 3337 ihre Erkundigungen nach geeigneten
2855 3232 5000 3511 Lehrern der medic. Clinik fortzu‗
2869 3385 5009 3666 ſetzen, zugleich aber die literariſche
2890 3532 4883 3804 und practiſche Thätigkeit des
2923 3653 5014 3919 Prof. Wunderlich in dieſer Beziehung
2840 3813 4816 4085 im Auge zu behalten, bis
2855 3949 4989 4226 dahin aber, wo über die definitive
2873 4095 4983 4348 Wiederbeſetzung der kliniſchen Lehr‗
2883 4237 4979 4456 ſtelle eine Entſcheidung ſich geben
2826 4365 4907 4561 laſſe, die Beförderung des Prof.
2816 4495 4995 4731 Wunderlich zum ordinarius auszu‗
2873 4716 3293 4923 ſetzen.
2660 4888 4979 5087 Es entſtehen nun über dieſen Antrag
2650 5020 3936 5266 längere Debatten.
2581 5175 4932 5404 Hℓ Prof. v. Rieke erklärt: dem
2682 5289 4893 5558 Gutachten der mediciniſchen Facultät,
2715 5431 4967 5669 welches zwar den Prof. Wunderlich
2736 5602 5009 5819 zum ordinarius befördert, hingegen
2700 5740 4904 5945 ſeine definitive Anſtellung als
2702 5805 4920 6092 kliniſcher Lehrer noch ausgeſezt haben
2712 5972 4932 6222 wiſſen will, weil ſeine practiſche
2690 6095 4973 6371 Befähigung noch nicht hinlänglich bewährt
2671 6261 4995 6478 ſey, müſſe er durchaus entgegen‗
2680 6386 4880 6665 treten. Er glaube, daß kein
2658 6544 4998 6768 beſſerer Cliniker zu finden ſey, als
2608 6654 5018 6952 p Wunderlich. Der Zweifel, welchen
2685 6803 4842 7081 die Facultät in ſeine practiſche
2641 6989 4821 7293 Fähigkeit ſetze, gründe ſich nur
