5221 7894
3437 701 3621 854 §. 1:
1717 840 2371 988 Referent:
1903 1000 3081 1149 Hℓ. Prof. D. Hefele.
2582 1232 4888 1450 Aeuſſerung der medicin. Facultät v.
2650 1369 4947 1634 15. Mai d. J. auf den Miniſt: Erlaß vom
2666 1582 4941 1819 15. Febr. d. J. in Betreff der Beſetzung
2638 1795 4866 2011 der Lehrſtelle für Anatomie und
2686 2047 3480 2205 Phyſiologie.
2817 2194 4972 2391 Refer. beantragt einen Bericht an das
2636 2355 4950 2572 K. Miniſterium, wonach im Einverſtänd‗
2650 2513 4946 2765 niß mit der Facultät zunächſt auf
2610 2706 4963 2967 die Berufung des Medic. Raths Prof.
2640 2891 4959 3139 Krauſe in Han̄over, und, falls dieſer
2637 3080 4934 3322 nicht zu gewin̄en wäre, auf die Ein‗
2690 3288 4852 3519 ziehung näherer Erkundigungen
2644 3475 4912 3710 über Prof. Eduard Weber in Leipzig
2657 3686 4323 3906 auf angetragen wird.
2835 3830 4972 4089 Der vom Refer. verleſene Entwurf
2660 4010 4825 4281 dieſes Berichts wird genehmigt.
2850 4194 4953 4431 Zugleich wird auf die diesfällige
2642 4352 4952 4608 Bemerkung des Hℓ. Univ. Raths Waaser
2719 4520 4933 4794 beſchloſſen, in dem Berichte auch noch
2726 4719 4922 4995 zu erwähnen, daß Priv. Doc. Dr.
2710 4870 4938 5157 H. Meyer ein Geſuch um Berükſichtig‗
2641 5077 4944 5348 ung bei der fragl. Lehrſtelle einge‗
2681 5252 4924 5540 reicht habe, daß jedoch der Senat
2654 5427 4912 5739 mit der medic. Facultät für ange‗
2624 5644 4928 5923 meſſen halte, ſich über dieſes Geſuch
2622 5867 4912 6126 erſt dan̄ näher zu aeuſſern, wen̄
2666 6046 4968 6305 hinſichtℓ. der jetzt in Frage gekom̄enen
2646 6253 4974 6486 älteren Gelehrten höchſten Orts eine
2625 6463 4934 6676 Entſchlieſſung erfolgt ſeyn wird.
2182 1260 2332 1345 nr.
2189 1357 2433 1448 110.
2177 5023 2309 5113 nr.
2201 5117 2334 5205 111.
