5221 7894
4721 319 4892 500 19.
2692 668 4998 892 Hℓ. Prof. R v. Mohl bringt hierauf
2694 841 4970 1080 die Frage zur Sprache, ob die Er‗
2749 1037 5020 1284 höhung des Gehalts für p Leibnitz
2694 1238 5016 1480 nicht dadurch bewerkſtelligt wer‗
2696 1405 5022 1666 den ſollte, daß der Zeichn. Lehrer
2669 1589 4999 1877 Helwig, welcher ſich durch fortge‗
2758 1776 5013 2075 ſetztes ungeordnetes Betragen
2694 1979 4972 2271 einer weiteren Berükſichtigung
2682 2166 5002 2453 unwürdig gemacht habe, ſeiner
2701 2384 4575 2645 Stelle entlaſſen werde.
2988 2538 4990 2802 Lezteres wurde von mehreren
2735 2703 4964 2995 Seiten unterſtützt. Da jedoch
2740 2860 4966 3172 zugleich von Mehreren die Anſicht
2731 3049 5029 3345 geaeuſſert wurde, daß es ange‗
2702 3245 5040 3556 meſſener ſeyn dürfte, wen̄ der An‗
2706 3415 4970 3737 trag auf die Gehalts=Erhöhung
2722 3619 5015 3916 für p Leibniz unabhängig von der
2692 3791 5013 4106 Entlaſſung des p Helwig an das
2686 3981 4989 4299 K. Miniſterium gebracht werde,
2717 4164 4967 4469 ſo wurde nach einiger Debatte
2695 4364 4897 4653 über dieſe Frage abgeſtim̄t u.
2701 4540 5029 4842 mit Stim̄en=Mehrheit beſchloßen,
2737 4749 4977 5049 die Gehaltszulage für p Leibnitz
2721 4961 4976 5229 ſchon jetzt zu beantragen und
2700 5147 5028 5427 wegen der Entlaſſung des p Helwig
2734 5322 5045 5630 ſich das Weitere vorzubehalten.
2940 5566 5009 5820 Prof. D. Walz machte hierauf
2652 5742 5020 6017 den Vorſchlag, in dem Bericht an das
2666 5909 5046 6199 K. Miniſterium einen Zuſatz in dem
2706 6098 5048 6386 Sin̄e zu machen, daß demnächſt ein
2712 6304 5009 6567 Heimfall für das Zeichen Jnſtitut
2664 6501 5017 6773 eintreten werde. Dieß wurde
2700 6714 4975 6966 aber per majora abgelehnt.
