5221 7894
2591 518 4838 776 nunmehr ernſtere Schritte zu Realiſirung
2580 690 4938 900 des Eintritts der genan̄ten beiden Profeßoren
2546 848 4805 980 in den Senat unternom̄en werden. Nach
2556 939 4890 1125 einigen Erörterungen beruhigt ſich jedoch der
2610 1104 4808 1295 Senat vorerſt bei der Erklärung des
2631 1222 4881 1423 Herrn Rektors, daß er zunächst eine
2611 1362 4794 1558 mündliche Unterredung mit denſelben
2617 1496 4862 1696 in der genan̄ten Richtung pflegen wolle.
1994 1892 2362 2148 no 29.
2781 1718 3389 1917 Sodan̄ kom̄t
3336 1954 3507 2121 2.,
2566 2071 4932 2335 ein Gegenſtand zur Berathung, der die ganze
2592 2281 4888 2440 Dauer der Sitzung in Anſpruch nim̄t. Er
2562 2373 4843 2548 betrifft die von dem K. Miniſterium
2591 2498 4883 2697 mittelst hohen Erlaßes vom 20ten Feƀr,
2592 2611 4855 2846 d. J. in Anregung gebrachte Beförderung
2579 2789 4808 2944 des Privatdocenten an der kath. theol.
2613 2900 4734 3134 Facultät, Profeßors Schim̄ele, zum
2571 3038 4888 3263 wirklichen auſſerordentlichen Profeßor und —
2567 3180 4889 3415 in Rükſicht auf die von ihm zu vertretenden
2577 3337 4850 3548 Fächer — zum Mitgliede der kath. theol.
2617 3493 4878 3718 Facultät, in welcher Beziehung der Senat
2588 3599 4943 3841 zur Äußerung aufgefordert iſt. Die Berathung
2580 3763 4754 3910 dieſer Angelegenheit begin̄t mit der
2614 3842 4807 4075 Aufforderung des Referenten, des Hℓ
2590 3995 4800 4237 Profeßors Michaelis, an den Prof.
2634 4149 4773 4340 Hefele, das Gutachten der kath.
2601 4271 4847 4502 theol. Facultät vom 12ten Maerz d. J.
2597 4407 4916 4618 vorzuleſen. Nachdem dieß geſchehen bringt
2660 4547 4776 4770 Oberkirchenrath Schott auf ebenfalls
2616 4686 4912 4887 auf die Aufforderung des Referenten
2644 4792 4824 4997 hin ſeine unterm 26.ten März d. J.
2585 4922 4860 5154 geauß dem Rektor Amte übergebene
2713 5032 4916 5238 - an den Akad. Senat gerichtete gutächtl
2580 5155 4795 5393 Äußerung über die Befähigung des
2613 5302 4927 5532 Prof. Schimele zum LehrAmte, in welcher
2583 5421 4889 5674 einigen Behauptungen des Facultäts‗
2590 5556 4817 5839 Gutachtens entgegengetreten wird, zur
2636 5714 4738 5925 Cen̄tniß des h. Collegiums; ſodan̄
2608 5859 4833 6086 Prof. Hefele die hierauf abgegebene
2630 5968 4795 6195 Replik der Facultät vom 27. März,
2603 6122 4896 6381 und endlich ſtellt Referent an den Ober‗
2596 6262 4763 6509 kirchenrath Schott das Anſin̄en, ſeine -
2563 6400 4782 6628 bis jezt nicht bei den Akten befindliche
2652 6530 4921 6745 Duplik vorzutragen. Ueber die Befugniß
2601 6646 4900 6932 hiezu entſteht nun ſogleich ein Jncident‗
2614 6782 4865 7010 Streit, veranlaßt durch Prof. Hepp,
2606 6934 4921 7176 welcher es formell  für ganz unpaſſend
2631 7074 4931 7309 und allen Proceßualiſchen Grundſätzen
