5692 9032
3038 379 1830 398 Auf ihn, Bravo Bravo.

2916 633 2479 498 diß Daß Herr Schweiter diß gerufen,

2914 914 2478 354 werde der Buchdrucker Jung Raiser

2940 1127 2497 473 der an Hℓ. Prof. Gmelin Hauß in der

2858 1440 2570 366 MünzGaß geſtanden, wo er vorbei

2850 1808 1276 334 müßen, und der

3997 1713 257 137 den

4126 1753 1266 360 Hℓ. Schweiter von

2867 1949 2390 451 Perſon gut ken̄e, mitangehört.

1206 2104 435 381 3.

476 2442 2603 448 Was er dann mit dem Jungen gehabt?

3036 2518 2325 428 Es wäre an ihm ſolcher an ihm am

2885 2765 2545 446 Montag Aben Nachts vorbei gegangen,

2800 2980 2525 519 und hätte an wäre kurze Zeit an

2827 3269 2559 482 ihme ſtehen geblieben, und hätte ihm

2826 3555 2605 544 ins Geſicht geſehen; Dep. habe aber

2870 3841 2553 508 weder mit dem Jungen geredt

2851 4138 1590 362 noch ihn angerührt.

1163 4201 391 329 4.

507 4553 1657 395 Ob er mit der Junge an

2994 4321 2435 446 Auf die nemliche Weiſe ſeye am Dieſtag

2899 4554 2398 351 der Junge zu ihm hingekom̄en und

2901 4782 2407 427 habe ihn auch wieder ſo angeſehen.

2998 4992 2375 371 Er ken̄e den Jungen genau und kön̄e

2879 5185 2426 340 mit Zuverſicht behaupten, daß ſolcher es

2885 5323 1207 266 beede mal geweſen.

1339 5009 203 235 4.

492 5152 2427 437 Ob er mit Gewisheit behaupten kön̄e,

490 5412 2254 472 daß Hℓ. Schweizer ihm den Hieb

443 5718 896 316 beigebracht.

2874 5460 2430 427 R. Zuerſt wäre  am Dienſtag

2973 5725 2333 438 Nacht einer Student gekom̄en,

2930 5945 2431 323 der auf der Gegenſeite vor ihm

2879 6221 2485 449 da er unter dem Bauriſchen Hauß

2886 6466 2484 437 geſtanden, vorbeigegangen; dieſer

2931 6750 2462 416 habe auch herumgeſehen, ſeye aber

2842 7007 2115 379 gleich wieder fortgeloffen.

3037 7283 2146 343 Wie er dieſen nachgeſehen,

2871 7468 2511 477 habe ſich ein anderer hinter ihn hin_

2864 7724 2510 415 geſchlichen, ohne daß er es gewust
