5692 9032
741 570 3513 446 zu Hauß geleſen, ein anderes Collegium leſen kön̄te.

1018 848 4379 472 Es wäre daher dem Herrn D. Storr auf ſein Schreiben zu erken̄en

1010 1079 4326 380 zu geben; daß Ampl. Senatus nicht geneigt wäre, nach vorliegenden

977 1296 4348 445 Unt Umſtänden, wobei man überzeugt wäre, alles gethan zu haben,

994 1529 4308 382 eine Vorſtellung bei ſereniſsimo zu machen, ſondern man müſte

1035 1716 4234 441 an̄ehmen, daß alles in Statu quo bleibe und Er die Verbindlichkeit

981 1949 4286 445 habe, ſein Amt zu thun. Er möchte daher erklären, was man zu

975 2174 4252 412 berichten habe, wie es im nächſten Som̄er und in Zukunfft würde

970 2404 4305 436 gehalten werden. Jn Anſehung der Botanik kön̄te man ſich auf

1038 2635 2797 373 Herrn Prof. Kielmeyer nicht verlaßen.

1098 2858 4249 396 Ubrigens ſeye es betrübt, daß Kielmeier alle ſubordination miß_

1008 3094 4331 387 ken̄e, und ſich ſo anſehe, als ob er keine Verpflichtung auf ſich hätte,

1019 3323 4349 467 da er doch bei ſeiner Beeydigung geſchworen Lectioner ſibi aſſignan_

1021 3501 968 312 das zu leſen.

1129 3613 4251 475 Das Storriſche Schreiben kön̄te nicht wohl vorgelegt werden, es ſolte

965 3866 4446 404 derſelbe deswegen eine oſtenſible Erklärung geben. Auch von Dn D Storr

1011 4114 3999 264 zu ſagen, daß man nicht geſon̄en, weitere Negotiationen vorzunehmen.

717 4162 4664 418 Dn D. Maier. Er überlaße Ampliſs. Senatui, ob man eine weitere Vorſtellung

961 4395 4449 436 machen wolle? Er habe ſich nie von den Vortheilen überzeugen kön̄en,

962 4559 2488 372 und deswegen die Sache gehen laßen.

1085 4790 4272 516 Gegen Dn D. Storr wäre zu aeußern, Er werde aus den Reſcript

925 4998 4396 464 erſehen haben, daß man berichten ſolle, wie die Sache eingeleitet

939 5305 4354 385 wäre; man wünſche daher eine oſtenſible declaration zu haben,

948 5495 4372 424 da er am beſten wiße, was Er wegen ſeiner Krankheit thun kön̄e,

926 5661 1859 394 und wolle. Dabei aber wäre die gröſte

2852 5726 663 196 eine gewiße

3373 5770 1941 407 Schonung gegen Hℓ. D. Storr zu

947 5877 886 317 beobachten.

716 6068 790 393 Dn. D. Gmelin.

1424 6113 158 149 sen.

1447 6044 3849 558 . Unter Anführung der Worte des Reſcripts wäre Dn D Storr

838 6354 4515 466 zu ſagen, daß man zu berichten habe; da man aber diß nicht thun

861 6586 4436 456 kön̄te, ohne eine Erklärung von ihm zu haben,  ſo werde Er

886 6816 4437 496 um Auskunfft gebetten, welche als Beilage dem Bericht beigelegt

847 7071 4361 410 werden kön̄te; dabei wäre Er zu fragen ob er ſolche beſtim̄t

861 7279 4319 558 geben wolle, oder ob man ſeine gegebene Erklärung beilegen

868 7565 4480 483 ſolle. Zugleich wäre über ſein Nichtwohlbefinden Bedauern zu bezeugen.
