5692 9032
2641 660 2498 399 einem ſchwürigen Fall Hℓ. Blösch, „welche

2643 967 1715 259 Karte er ausſpielen ſollte„.

2807 1164 2390 323 „der Karl leidet ja nicht, daß ich et_

2703 1342 1702 314 „was in das Spiel rede„

2617 1552 1331 327 war ſeine Antwort.

3956 1646 102 53 †

2635 1779 2553 442 Um nun denen auf dem Billiard-Zim̄er

2651 2100 2554 264 verſam̄elten und bei entſtandenem Ler_

2653 2301 2547 386 men herzugeeilten Perſonen zu zeigen,

2644 2523 2541 340 daß ich mich nicht ungerügt einen Buben

2651 2757 2569 269 nennen laße, allſo zur Rettung meiner

2691 2945 2490 357 Ehre, ſagte ich am Ende des Spiels zu

2649 3195 2405 317 oftgenanntem Herrn Licentiaten;

2955 3376 1806 284 „Wir werden uns ſprechen.

2638 3552 2244 381 und ging ſchnell zur Thure hinaus.

2644 3780 2527 343 Kaum hatte ich die Hälfte der Treppen

2634 4064 2538 325 zurükgelegt, ſo eilte er mir nach und

2662 4261 1617 279 rief aus vollem Halſe:

2921 4452 1440 380 „Seeger, halten Sie.

2649 4721 2425 370 Jch wolte anfangs nicht ſtehn' bleiben,

2656 4950 2444 357 aus Beſorgnis eines neuen unange_

2628 5149 2424 309 nehmen Auftritts, den ich um ſo eher

2649 5374 2585 296 vermuthen konte, weil  ich einige der

2643 5548 2601 331 auf dem Billiard verſam̄elten Perſonen

2654 5790 2436 317 herbei ſpringen und die Rechte des

2665 6046 2556 262 Hℓ. Gmelins einen Stok halten ſahe, und

2667 6210 2519 357 izt noch um ſo eher muthmaſen kann,

2654 6443 2516 342 da mir geſtern der Marqueur des

2677 6671 1301 349 Billiards ſelbſt ſagte,

2886 6900 2343 305 „Es wäre beßer, wenn Sie ſich mit ihm

2861 7100 2222 327 „unten geprügelt, hätten als ihn

2890 7330 2319 283 „beim Rectorat oder ſeinem Vatter

2863 7503 1110 327 „belangt hätten.

399 1256 2101 334 † Wieder eine Unverſchämtheit ohne

491 1500 1880 310 Veranlaßung, die ich aber un_

495 1698 1130 268 beantwortet lies.
