5692 9032
2988 385 2398 447 ob der Neue Bau noch offen, ſolcher

3054 676 2196 401 ſeye aber beſchloſſen geweſen.

3338 939 1274 446 prael. test Späth

2814 1179 1415 488 2.) Hierauf erſchiene

3240 1536 2085 401 Herr Speismeiſter Williardts,

3007 1826 2435 468 dem welcher folgendes von dem geſtri_

3019 2077 1466 375 gen Vorgang angebe.

3096 2304 2338 320 Er habe um ¼ auf XI. Uhr den Neuen

3051 2594 2376 355 Bau aber ohne Licht beſchloßen, und

2969 2801 2426 407 unter dem Hauß den Hℓ. Hallwachs,

2981 3126 2180 320 Faber und einig noch 2 andere

3779 3066 1506 259 Goelz der 4.te Faber

5124 3237 252 198 die

2978 3342 2400 491 er weil er kein Licht gehabt, nicht ge_

2998 3562 2369 428 kan̄t, angetroffen. Welche ſodann

3017 3876 2386 411 mit ihm ins Hauß herein ſeyen.

3035 4121 2356 435 Sie wären ruhig geweſen, und es

2955 4353 2425 354 wäre ihme von einem Lärmen

2966 4591 2441 441 nichts, bekan̄t, er habe nur ſo viel

3014 4857 2354 333 gehört, daß ein Com̄erce beim

3067 5112 2270 384 HauptZoller Riß geweſen, und

2986 5354 2363 453 der wo wobei er den Hℓ. Faber

3028 5602 2216 449 von ſeinem Hauß aus geſehen:

3437 5898 748 378 Prael. test.

3739 6166 1158 299 T. Williards.

2746 6463 2579 419 3.) Herr Philos Stud. Carl Klumpp.

3255 6763 1406 324 act 23. eū: v. hier.

3025 6944 2395 398 deme der Vorgang von geſtern Abend

2986 7225 1413 352 vorgehalten wurde;

3052 7442 1428 312 Worauf er angabe,

3060 7601 2356 516 Er ſeye von der Geſellſchafft gewe

3034 7940 2366 416 ſen, und es ſeye ihm ſehr leyd, daß
