5692 9032
992 571 4395 378 billige Preiße machen müßen, allein man müſte eben auch am allgemeinen

1008 908 4363 225 Schaden leiden. Man kön̄te 150. Schℓ. Dinckel und 150. Schℓ. Haber im Preiß à 5. fℓ

1033 1104 4357 313 ꝑ Schℓ. abgeben, nur beſorge Er dieſer Preiß werde nicht angenom̄en, und

994 1255 4395 414 man werde den angebottenen Preiß an̄ehmen müßen; dann wäre

1045 1462 4342 452 auf baar Geld oder auf Verzin̄ßung des Kauffſchillings anzutragen

1074 1699 4306 504 Jn Anſehung des Verkauffs der Früchte, werde es ſicherer ſeyn, nicht

1077 1974 4309 460 zu verkauffen, um bei einer etwaigen Requiſition noch geben zu

1080 2168 3926 437 kön̄en und nicht um hohe Preiſe Früchte kauffen zu müßen.

961 2351 2365 416 Dn. Prof. Roesler et Abel cum major:

1004 2593 4392 518 Dn. Prof. Schott. acc. mit der Bemerkung, daß es auf den Sindelfinger

1083 2877 4104 375 ankom̄en werde, daß ſolcher den Fall der Noth zu jügiren wiße

739 3039 4667 533 Es würde in einigen Votis venerandis geäußert, ob nicht Herr Syndicus heute

745 3309 4682 565 noch abgeſchickt werden ſollte um in Sindelfingen ſelbſt das nöthige zu beſor

744 3560 2533 350 gen, allein majora waren nicht dafür.

781 4020 4655 523 ad pct. 7.) Den U.bericht auf das wegen das Storriſche NaturalienCabinet

1289 4366 3809 370 ergangene gn. Reſcript. dd. 12 et pr. 19. huj. betreffend.

748 4520 4676 581 Dn D. Uhland. Man kön̄en auf die Storriſche Erklärung noch nicht berich_

1194 4862 4248 421 ten, daß alles in den vorigen Stand geſezt wäre, und mußte alſo

1167 5096 3385 470 eine beſtim̄tere Erklärung von Dn D. Storr haben

739 5291 4702 486 Dn D. Flatt. Solange Dn D. Storr kranck ſeye, kön̄e ihm nicht zugemuthet

1138 5566 4301 553 werden zu leſen. Kielm. werde Botanik fortleſen: pro futuro

1104 5822 4325 483 aber wäre von Dn D. Storr eine categoriſche Erklärung zu ver_

1129 6076 1953 410 langen, ob er in Zukunſt

3079 6126 1187 252 wann er wieder geſund,

3019 6170 2413 351 und zwar vom nächſten Winter an

1176 6318 3338 423 ſeine gewöhnℓ. Vorleſungen wieder halten wolle.

818 6488 4603 620 Dn D. Kapff. Er nehme an, daß alles in den alten Zuſtand zurückkehre,

1119 6837 4335 512 daß es hiebei ſein Bewenden habe, und man über den unverdien_

1114 7078 1891 427 ten Vorwurf nicht Rechte.

1131 7315 4316 420 Dn D. Storr ſollte declariren wie er es in Abſicht auf ſein Pensum

1157 7573 4284 444 halten wollte; würde auch Botanik von ihm wegen ſeiner Geſund_

1077 7772 4358 491 heit nicht geleſen, ſo frage ſichs, ob er nicht wenigſtens, darin̄en
