5692 9032
4910 374 161 226 19

2769 532 2490 399 weil er ſich der Sache angenom̄en,

2706 788 1080 340 und um ſolche

3461 771 176 135 †

3749 853 1484 296 zu ken̄en, wer ſie

2747 1080 2596 408 ſeyen, da ſie dan als in das Glaſer

2797 1303 2584 514 Kloepferiſche Hauß gegangen, ſolchen

2753 1533 2490 431 dahin nachgegangen, unter dem

2521 1794 2774 391 ſein Hauß erwartet, und er Dep. damals

2751 2056 2457 471 den Hℓ. Keller ſelbſt geſprochen,

2744 2331 2461 464 ihm geſagt, es ſeye nicht recht

2713 2588 2643 493 einen auf der Straße anzugreifen,

2693 2859 2611 444 worauf Hℓ. Keller ihm geantwortet,

2752 3117 2346 482 daß es ihn Dep. nichts angehe

2819 3443 2332 408 Jn Abſicht auf Hℓ. Schweiter wiße

2691 3661 2021 367 er keine Vorgänge vor der

4550 3701 337 161 lezten

4712 3764 512 271 Muſik

2714 3908 2624 411 anzuführen, die einen Feindſeligkeit

2733 4245 1748 313 gegen ihn verriethen.

1154 4414 234 54 2.

353 4419 2458 451 Hℓ Keller und Schweiter behaupten

314 4685 2416 339 bei der Muſik im̄er geweſen zu

311 4906 2582 414 ſeyn, und berufen ſich auf Zeugen,

411 5181 2281 397 wie er alſo das Gegentheil be_

486 5357 1201 399 haupten kön̄e?

2854 4983 2463 539 R. Er habe Hℓ. Keller vor ihr ſich geſehen,

2730 5319 2447 449 ihn genau gekan̄t, es ſeye ſolcher

2710 5613 759 320 der

3042 5585 287 59 erſte

3469 5594 1831 334 geweſen, der auf ihn zu_

2714 5799 2538 399 geſchlagen. Er kön̄e diß aber mit

2659 5969 2615 393 keinem Zeugen beweiſen. Der Heu_

2666 6219 2570 416 brandt ſage, ſeinem Vermuthen

2614 6459 2377 441 nach ſeye es Hℓ. Keller geweſen.

2809 6717 2293 457 Wie ihm Keller den erſten Hieb

2676 7021 2553 411 gegeben, ſo ſind ſeyen mehrere auf

2682 7256 2556 388 ihn los, und dann wäre er dero

2690 7480 2469 459 geſprungen, worauf Hℓ. Schweizer,

2661 7762 2480 438 der auch unter denen geweſen die

2645 8009 2526 415 ihme Dep. nachgeſprungen, gerufen,

601 729 1925 312 † die beede Studiosi, die mit

704 995 1698 334 Bauman̄ Verdruß gehabt
