5692 9032
2964 755 2470 339 geſprochen hatte, und von der von Hℓ. Bind

2968 946 2440 297 auszuſpielenden Karte manches, vielleicht

2964 1163 2457 345 das ganze Spiel, abhing, ward  ich frei_

2950 1377 2407 295 lich ziemlich ungehalten, und ſagte ihm

2957 1553 2475 351 zwar nicht mit gelaßenem Tone, wohl

2923 1779 2534 308 aber mit keinen unbeſcheidenen und be_

2954 1999 1425 315 leidigenden Worten:

3210 2185 1815 317 „Gmelin, ſind Sie doch einmal

3214 2397 1741 273 „ſtill, es ſchikt ſich nicht, in

3191 2556 1424 299 „das Spiel zu reden.„

2941 2749 2490 298 Auf dieſen bei ſolchen Gelegenheiten, däucht

2948 2948 2513 280 mir, wohl erlaubten geringen Verweis

2963 3139 2482 292 verlies er plözlich den zwiſchen meinen

2968 3341 2401 286 Mitſpielern eingenom̄enen Plaz, ging

2972 3523 2406 288 ſtürmiſch auf mich los und ſagte gleich

2952 3760 436 281 heftig:

3155 3873 2050 304 „Wenn Sie noch einmal ſagen, daß

3145 4059 2100 284 „ich etwas in das Spiel geſprochen

3149 4225 2068 297 „habe, ſo werfe ich Sie zur Thüre

3125 4424 2150 246 „hinaus; Sie waren mir ſchon öfters

3105 4595 2317 325 „grob und nie ſagte ich noch etwas. ꝋ

2986 4828 344 203 Jch„.

3173 4934 2257 336 „Ja! Sie haben geſprochen (gedeutet).

2936 5151 1885 266 Gm. „Sie Sind ein Bube uſw.

2992 5388 310 213 Jch.„

3159 5486 2241 349 „Halt ers' Maul; Jzt ſtreite ich nicht

3131 5729 2221 217 „mit ihm; wir werden an einem

3106 5917 1888 281 „andern Ort uns ſprechen.

2966 6079 2470 383 Nach Vollendung dieſes Geſprächs, dem

2977 6348 2435 268 er noch ein und anderes anhängte, das

2984 6544 2439 287 ich nicht beantwortete, nahm er wieder

2988 6723 1897 283 an ſeinen alten Plaz ein.

2993 6901 2457 323 Wir ſpielten noch 2. odes 3. Partien.

2960 7133 2495 320 Die lezten fragt' ihn bei einem wie_

2957 7341 2495 337 derum von mir geführten Spiel in

718 4022 2078 255 ꝋ Er laugnete also ſogleich, was er izt

849 4163 1998 202 noch laugnet und Hℓ. M. Binder dar_

833 4379 1956 215 thun kann. — War ich ihm vielleicht

854 4490 1996 294 — welches ich nicht wußte, einmal grob,

850 4653 1936 247 ſo denke ich, er hat meine allen_

851 4807 1928 293 falſige Grobheit mit gleicher und

840 5007 1888 247 baarer Münze bezalt. That er

850 5173 1771 269 dies nicht, ſo hätte er nur auf

833 5369 2011 248 manchen Weegen meine Grobheit

841 5517 1185 280 verweiſen können.
