5692 9032
2406 366 205 184 Ad

1271 419 2690 442 Protocollum Senatus d. d. 25. April. 1799.

2266 712 446 428 Vota.

605 1059 4686 540 ad pct 1.) Das von Sindelfingen Verlangte FruchtQuantum von dem dortigen

1088 1333 1334 304 Univ. FruchtKaſten:

541 1528 4711 531 Dn. D. Uhland, es kön̄ten 150. Schℓ. Dinckel und 150. Schℓ. Habern abgegeben werden,

1118 1795 3136 407 die Beſtim̄ung des Preiſes überlaße er majoribus.

548 1909 4748 584 Dn D. Flatt, er conformire ſich mit der Majoritaet der aeltern Hℓ. Senatorum

570 2211 4787 536 Dn D. Maier. Er votire auf 150 Schℓ. Dinckel und 150. Schℓ. Habern, auch auf den höchſten

1116 2403 1398 308 Preiß im Monat Mai.

595 2528 4756 555 Dn D. Gmelin. sen. Wann es angehe, ſo votire er nach dem Vorſchlag des Hℓ. Syndicus

1037 2872 4334 476 nur auf 100. Schℓ. Habern, in Anſehung der Preiße, wäre derjenige anzuſezen

1027 3000 3596 436 welchen die Früchte in der Woche der Abgabe gelten würden.

558 3194 4826 482 Dn D Gmelin jun. Man werde Gewalt brauchen, wann man nicht alles verwillige,

1043 3456 4262 477 den Dinkel kön̄te man geben, an Haber 100. Schℓ. Wann es nicht angehe

1059 3692 4304 526 wäre das ganze Verlangte Quantum zu geben; in Anſehung des Prei_

1045 3949 4275 502 ſes wäre ſich nach dem Zeitpunct, in welchem die Früchte abgefaßt wür‗

1033 4123 1069 303 den zu richten!

680 4354 4724 607 Dn D. Tafinger. Es kön̄te 150 Schℓ. Dinckel und im Nothfall auch 150. Schℓ. Habern gegeben

983 4722 4237 351 werden. Jn Anſehung des Preiſes accedire Er prox. praec: der vom

923 4845 4427 450 KirchenRath gemachte Preiß kön̄te ſchon vor 3. Wochen beſtim̄t worden

1019 5090 4163 425 ſeyn, wo die Fruchte noch nicht ſo ſehr im Preiß geſtiegen geweſen ſey

683 5355 4620 439 Dn D. Malblanc. Man wäre berechtigt die Beſoldung in Natura anzu‗

920 5570 4428 480 ſprechen; es ſollte daher ein Calculus über die Beſoldungen gezogen

942 5812 4321 446 das was man zu denſelben nöthig ſalvirt - wird jedem überlaßen

994 6064 4341 437 werden, ſeine Beſoldung zu Verkauffen, oder in Natura zu nehmen.

969 6252 3349 432 Der Uberſchüß kön̄te ſodann abgegeben werden

4203 6378 724 187 Jn Anſehung

4253 6459 1075 284 der angeführten

969 6459 4368 563 Preiſe reſervire er ſich ſeine Rechte, daß Er ſ. Beſoldung in Natura verlange.

700 6608 4592 653 Dn. D. Autenrieth, cum prox votio praeced.man ſolte ſtark verkaufen. Es

955 6969 4009 435 kön̄te 150. Schℓ. Dinkel und ebenſo viel Haber abgegeben werden.

711 7148 2098 405 Dn. Prof. Pfleiderer, cum praeced.

738 7391 4493 474 Dn. Prof. Schnurrer. Es ſeye billig, daß man den Sindelingern aushelfe,

924 7705 4367 372 ſtatt 100. Schℓ. Habern kön̄te man̄ 150 Schℓ. geben; im Preiß werde man

931 7854 4390 469 man im̄er verlieren, da der Haber im̄er ſteige, und doch werde man
