5692 9032
2886 395 2549 460 hergeſtellt worden, daß ſolcher ohne

2832 671 2602 388 Nachtheil ſeiner Geſundheit ausgehen

2871 878 2451 465 kön̄e, ſo wurde ſolcher auf heute

2856 1120 2582 433 vorbeſchieden, und ihme zuförderſt

2819 1350 2606 440 die in ſeinem Nahmen von Herrn

2903 1603 2532 486 Schram̄ aufgeſezte und übergebene

2858 1971 2537 427 Facti ſpecies ſub ſignℓ. O. vorgeleſen

2844 2195 2498 448 welcher er als ganz der Wahrheit ge_

2800 2454 2549 386 mäs, ſo wie die Sache wirklich vor

2836 2725 1772 284 gegangen, anerkan̄te.

2870 2952 1708 407 Sofort wurde er befragt

471 3303 2487 413 Ob er mit Hℓ. Keller vorher in Feindſe_

545 3548 2342 399 tigkeiten gehebt, und worinn ſie

508 3757 887 298 beſtanden?

2894 3595 2511 394 R. Wie er einmal an der Schickartin

2926 3826 2427 509 Hauß vorbei, ſeye auch Hℓ. Keller

2837 4122 2527 441 an ihme vorbei gegangen, und habe

2838 4396 2504 389 ihme ungeachtet Plaz genug geweſen

2863 4604 2436 381 einen Stoß gegeben; er habe kein

2868 4846 2457 387 Wort darüber geäußert, hingegen

2926 5097 2505 323 Hℓ. Reisig der unter dem Laden

2875 5305 2562 420 geſtanden und es geſehen habe laut

2873 5585 2538 530 geſagt, daß Hℓ. Keller es hören kön̄en,

2885 5856 2456 415 es ſeye unverſchämt von Hℓ. Keller,

2907 6074 2196 443 da er ja Plaz genug gehabt.

2976 6338 2308 432 Auch wann ihm Hℓ. Keller auf der

2957 6584 2429 463 Gaße begegnet, wäre ſolcher im̄er

2891 6817 2464 478 auf ihn zugegangen, er ſeye aber

2911 7057 2132 443 ſolchem im̄er ausgewichen.

2980 7369 2376 417 Auch muſte Hℓ. Keller beſtim̄t wißen,

2899 7634 2344 446 daß er in den Bauman̄iſchen

2909 7886 2331 450 Affaire wider ſolchen gezeugt,
