5220 7925
1324 342 1134 132 das entſchiedene Lehrtalent, nicht aber auf

1306 436 1099 120 die theologiſche Richtung Dr: Oehlers,

1312 533 1132 109 welche für jezt wenigſtens noch eine ganz

1291 609 856 110 einſeitige ſei, beziehen könnte.

1327 666 1085 151 Da das Hohe Collegium darinn einig iſt,

1301 777 1166 113 daß, wenn der erſtern Eigenſchaften Dr: Oeh

1321 845 1088 129 ler's Erwähnung geſchehe, auch die leztere

1297 937 1153 114 nicht übergangen werden dürfe, ſo wurde

1318 1008 1118 122 beſchloſſen, beides ganz wegzulaſſen, und

1306 1094 1149 117 den entworfenen Bericht ſeinem ganzen

1309 1160 750 122 Jnhalt nach zu genehmigen.

1791 1313 64 85 4.

1329 1410 1144 161 Jn einer Eingabe vom 2. Decbr. v. Js. bittet

1327 1513 1150 136 der Privatdocent Dr: Schill, ihm nunmehr

1328 1603 1103 131 einen definitiven Wirkungskreis im

1302 1688 1168 140 Lehrfache der Medicin an der LandesUni‗

1343 1800 569 93 verſität anzuweiſen.

1358 1851 1081 126 Die mediciniſche Fakultät gab hierüber

1334 1951 1134 109 unterm 23. d. Ms. die gutächtliche Aeuſſer‗

1327 2014 1116 130 ung ab, daß ſich dieſes Geſuch nicht eher

1321 2105 1096 106 begutachten laſſe, biß die Stelle eines

1338 2163 1102 128 AſſiſtenzArztes an Clinicum beſezt ſey.

1328 2226 1154 134 Der Herr Referent bemerkt hierüber, daß

1319 2334 1156 126 hienach die mediciniſche Fakultät die Ab‗

1306 2409 1162 122 ſicht zu haben ſcheine, bei Beſezung dieſer

1327 2488 1130 105 Stelle auf Dr: Schill Bedacht zu nehmen,

1314 2564 1168 121 während der AſſiſtenzArzt nicht ein beſtändi‗

1310 2641 1163 118 ger, ſondern ein wechſelnder ſeyn ſolle, und

1322 2707 1156 98 Dr: Schill einen beſtim̄ten Wirkungskreis

1337 2806 531 95 zu erhalten wünſche.

1354 2849 1089 119 Sein Antrag geht daher dahin, daß die

1321 2939 1106 117 Schill'ſche Eingabe, da die abgegebene

1319 3012 1148 122 Aeuſſerung derſelben offenbar ungenügend

1306 3095 1089 106 ſey, der verehrlichen, mediciniſchen

1320 3170 1164 113 Fakultät zurükzugeben ſey, mit der Auffor‗

1305 3242 335 116 derung, ſich

1327 3296 1140 130 1.) über die bißherigen Leiſtungen und die

1396 3387 918 113 Fähigkeit des Bittſtellers, ſo wie

1323 3475 1187 111 2.) über einen demſelben etwa anzuweiſenden

986 1359 276 126 Referent:

615 1421 668 158 Herr Prof. Dr: Reyſcher.

934 1573 334 90 zur nr. 242.

1169 1649 90 62 24.

907 1700 342 144 Correferent.

583 1793 701 127 Herr Univerſ: Amtmann

1031 1883 208 94 Riecke.
