5220 7925
1726 263 67 76 4.)

1299 341 1159 135 Univerſ. Amtman̄ trægt ferner wegen Vergebung

1305 417 1159 120 der vacant Port gewordenen Portionen des Staats_

1296 495 1198 148 ſtipendium vor, daß ſtud. Kallman̄, Kieß, Næckle,

1313 591 1148 124 Maurer ein Theil dieſer ausgefallenen Portio_

1309 686 1144 142 nen ╕ zugeſchieden werden, dagegen Stud. Link

1308 776 1142 158 übergangen werden ſollte. Einem in dieſem Sin̄e

1303 844 1134 184 vorgelegten Bericht, welcher die Gründe des

1294 948 1148 172 Vorſchlags enthält, wird die Zuſtim̄ung mit

1316 1035 898 143 einer kleiner Abænderung ertheilt.

1699 1193 99 114 5.)

1294 1310 1155 128 Wegen Vollziehung des Verbots des vormittægigen

1307 1387 1153 130 Beſuchs der Converſationszim̄er des Muſeum,

1301 1487 1141 117 beantragt Univerſ. Amtman̄, daß ſchon der

1316 1567 1139 120 Aufenthalt in jenen Zim̄ern, ohne daß gerade

1311 1650 1164 120 getrunken würde, unter das Verbot ſubſu_

1306 1774 113 69 mirt

1377 1721 133 73 ╕ werde

1419 1723 1036 150 , übrigens die Handhabung mit Umſicht ge_

1306 1807 1154 153 ſchehen ſollte. Durch Mehrheit beſchloßen, daß der

1288 1914 1149 139 bloſe Aufenthalt in den genan̄ten Zim̄ern, wen̄

1304 1985 1135 157 nicht getrunken würde, unter das Verbot nicht

1297 2098 759 132 falle und nicht zu ſtrafen ſey.

1678 2223 61 99 6.)

1305 2352 1041 125 Rector Magnif. bringt die Ernen̄ung von

2261 2313 130 70 Geld=

2346 2349 136 79 Admi_

1296 2428 976 130 niſtratoren einiger Stiftungen, Broll

2279 2414 86 58 iſchen

2254 2424 177 79 , Wein_

1297 2520 1137 131 mæn̄iſchen, Kellenbenziſchen zur Sprache und

1306 2585 1104 143 zur Erin̄erung, damit die Sache von den Ferien

1314 2689 1168 131 genehmigt werde. Genehmigt, und beſchloßen

1284 2765 1197 109 die betreffenden erſten Adminiſtratoren

1297 2819 1104 109 zu ihren Vorſchlägen aufzufordern.

1683 2906 85 55 7.

1298 2968 1168 146 Hℓ: Univ. Amtman̄ hält einen Vortrag, betreffend

1313 3058 1162 125 die Einrichtung einer neuen Wohnung für den Diener

1308 3154 1150 112 des Naturaliencabinets, und theilt darin̄ die

1317 3221 1102 136 Bemerkungen mit, welche auf eine Note

1316 3330 1150 139 der Königℓ. Finanzkam̄er gemacht werden

1295 3428 1183 146 ſollten, unter Zugrundelegung einer Gutæcht_

251 642 1021 113 ╕ und zwar dem ſtud. Näckle — 75 f.

301 710 769 86 den ſtud. Kallman̄, Kies

305 764 957 84 ud Maurer à 45 f — 135f.

381 1713 604 113 ╕und daher gerügt
