5220 7925
1286 256 1191 140 unter Anführung der beantragten 2. weitern Momente,

1298 353 1112 127 daß dem Professor Peschier weder aus

1294 438 1149 134 Rechts= noch aus BilligkeitsGründen eine

1284 530 1176 120 weitere Entſchädigung an Umzugskoſten

1291 623 755 116 zu bewilligen ſeyn möchte.

1801 775 71 60 3.

1316 902 1159 156 Nach dem Repetent Dr: Oehler ſeinen Berich

1304 1011 1112 129 über die vor ihm mit Unterſtüzung aus

1316 1109 1148 106 Staatsmitteln unternom̄ene, wiſſenſchaftliche

1312 1193 1155 111 Reiſe erſtattet, und die philoſophiſche Fakul‗

1318 1261 1145 120 tät ihre gutächtliche Aeuſſerung hierüber ab‗

1302 1344 1143 109 gegeben hat, ſo iſt nun mehr der von dem

1309 1410 1110 122 k. Miniſterium in dem Erlaſſe vom 23.

1303 1476 1158 143 Maerz 1839. verlangte, weitere Bericht

1316 1570 1139 122 und Antrag hinſichtlich der Wiederbeſezung

1303 1646 1179 128 der erledigten Lehr Stelle für orientaliſche

1299 1730 647 111 Literatur zu erſtatten.

1317 1814 1126 118 Die philoſophiſche Fakultät glaubt, ſich eines

1308 1885 1151 121 beſtim̄ten Antrags auf die Anſtellung Dr's

1318 1979 1099 105 Oehler als academiſcher Privatdocent

1303 2023 1145 151 jezt um ſo mehr enthalten zu können und zu

1313 2109 1099 123 ſollen, als ſeine Anſtellung am Collegium

1294 2195 1182 117 der Repetenten ihm Gelegenheit gebe, Proben

1307 2274 1126 120 ſeiner Tüchtigkeit als Docent abzulegen.

1321 2341 1136 127 Der Herr Referent ſtim̄t hiemit überein.

1306 2437 1154 119 Da ſich jedoch gegenwärtig die Gelegenheit

1315 2508 1167 130 darbietet, einen ausgezeichneten Orientali‗

1327 2594 1138 117 ſten, nemlich den kürzlich noch in Göttingen

1345 2663 1097 115 angeſtellt geweſenen Professor Ewald,

1313 2742 1154 122 für die hieſige Univerſität zu gewinnen,

1299 2820 1144 106 ſo wird von dem Herrn Referenten der

1308 2905 1163 107 Antrag geſtellt, daß dieſer für die erledig

1322 2971 1158 115 te Lehrſtelle berufen werden möchte, womit

1330 3050 1142 116 auch der Herr Correferent einverſtanden iſt

1339 3119 1144 134 Herr Prof. Dr: v. Schrader iſt der Anſicht

1310 3213 1097 114 daß über dieſen beſtim̄ten Antrag des

1324 3281 1155 119 Senate Referenten vorerſt die philoſophi‗

1311 3355 1104 121 ſche Fakultät auch zu hören ſeyn werde,

1319 3437 1139 119 welcher Anſicht mehrere verehrliche Mit‗

2243 3535 224 76 glieder

918 834 324 124 Referent

566 923 731 140 Herr Prof: Dr: Kuhn

921 1031 316 98 zur nr. 216.

1156 1121 66 91 3.

864 1204 355 112 Correferent:

551 1286 745 131 Herr UniverſitätsAmtm.

946 1386 264 97 Riecke.
