5220 7925
2351 144 125 93 495.

1292 288 968 141 des Hohen Collegiums beipflichten.

1345 396 1126 139 Der Herr Referent widerſpricht die Noth‗

1325 483 1118 133 wendigkeit eines neuen FakultätsGut‗

1299 578 1185 111 achtens, ſofern die Mitglieder der Fakultät

1357 658 1114 115 anweſend ſeyen, und ihre Anſicht über den

1326 739 1146 111 neuen Antrag, wenn ſie ſich für hinreichend

1320 822 1082 112 inſtruirt halten, über die Perſon des zu

1335 893 1030 107 Berufenden, jezt wohl äuſſern können.

1327 973 1146 118 Herr Dr: v. Sigwart iſt dagegen; Herr

1338 1060 1126 115 Dr: Kern aber ſpricht ſich dahin aus, daß es

1324 1131 1159 131 wünſchenswerth ſeyn könne, wie im vorlie‗

1330 1210 1126 124 genden Falle, daß eine Sache auf die von

1312 1288 1133 108 dem Herrn Referenten vorgeſchlagene

1343 1370 1142 111 Weiſe begutachtet werden möge; worauf

1310 1432 1142 120 von Herrn Rector die Lage der Sache noch‗

1323 1506 1122 122 mals auseinander geſezt, und die Ueber‗

1328 1584 1160 137 zeugung ausgeſprochen wird, daß die Sache

1339 1668 1162 121 an die Facultät nicht zurükgegeben werden

1335 1732 1070 135 müſſe, ſondern daß es ſich nur darum

1319 1821 1169 118 handeln könne, ob es angemeſſen ſei, ſie über

1333 1907 938 111 den neuen Antrag zu vernehmen.

1345 1990 1095 127 Ueber lezteres wird ſofort abgeſtim̄t

1330 2077 1129 122 und die geſtellte Frage beinahe einſtim̄ig

1339 2167 283 77 verneint.

1341 2225 1091 130 Da über die vorzügliche Richtigkeit des

1329 2305 1160 132 Professors Ewald von keiner Seite etwas

1342 2409 1117 104 eingewendet wird, ſo wird der geſtellte

1339 2474 1148 122 Antrag auf ſeine Berufung an die hieſige

1339 2556 1122 126 Univerſität zum Beſchluß förmlich er‗

1336 2643 193 82 hoben.

1341 2690 1151 150 Von Herrn Professor Dr: v. Mohl wird

1349 2797 1142 120 hierauf der Antrag gemacht, daß, nach‗

1344 2872 1120 123 dem nun Dr: Oehler zurükgeſtellt ſei,

1336 2976 1047 95 demſelben eine andere angemeſſene

1323 3034 1111 118 Stellung ausgewirkt werden ſollte, zu

1342 3126 1122 105 welchem Zwecke Herr Prof. v. Schrader

1326 3206 1163 108 vorſchlägt, des Eifers und der erfolgrei‗

1327 3264 1088 127 chen Thätigkeit des Dr: Oehler in dem

1330 3346 1073 116 Berichte rühmliche Erwähnung zu thun,

1334 3407 1174 126 wogegen Herr Prof. Dr: Kern einwendet,

1311 3489 1173 126 daß ſich eine ſolche Anerkennung blos auf
