5305 8219
2757 417 4943 817 etwas thun ſolle, und ob gebeten werden
2799 696 4802 1052 ſolle, den Senat darüber zu fragen?
2609 1031 4934 1421 Herr Kanzler: Es wäre zu bitten, dem Senat
2624 1337 4861 1668 zu erlauben, ſeine Anſicht vorlegen zu
2556 1540 3047 1830 dürfen
2584 1763 3603 2070 acc. Dn. Prof. Fulda.
2607 1995 4904 2384 Herr Prof. Schrader: Er habe geglaubt, man
2586 2257 4911 2646 hätte ſchon früher etwas thun ſollen. Werde
2608 2519 4821 2914 die Univerſität verlegt, ſo müße man
2604 2780 4806 3198 ſich den Vorwurf machen, nichts gethan zu
2607 3029 4849 3376 haben. Jezt ſollte etwas geſchehen; eine
2631 3294 4910 3665 officielle Eingabe an das Miniſterium.
2620 3572 4928 3948 Wenn noch verſchiedene Anſichten un_
2611 3831 4859 4214 ter dem Miniſterium herrſchen, ſey
2597 4095 4850 4445 er mit dem Antrage einverſtanden,
2588 4327 4913 4695 und wünſche, daß die große Beſorgniß
2659 4626 3857 4887 geaeußert werde.
2688 4822 4890 5273 Herr Prof. v. Drey. Es ſolle etwas ge_
2674 5140 4927 5411 ſchehen, aber nur eine Bitte an das Mini_
2676 5383 4979 5790 ſterium, die Gründe vorlegen zu dürfen.
2634 5716 4819 6083 Herr Prof. Steudel. Eine Eingabe an das
2614 5998 4958 6464 Miniſterium, mit der Bitte um die Erlaub_
2641 6261 4976 6676 niß, die Rückſichten, die ſich darbieten, dem
2675 6512 4891 6918 Miniſterium vorleg zur Ken̄tniß des
2646 6739 4592 7060 Miniſterium bringen zu dürfen.
2744 6972 4890 7296 Ob man nicht etwas drucken laßen
2675 7189 4915 7567 ſollte wegen Verlegung der Univerſi_
