5305 8219
4860 229 5024 408 50.
2716 466 5019 830 Daure das Gerüch fort, ſo kom̄en die hieſi_
2735 711 5019 1116 gen Bürger mit Klagen. Wollte man daher
2711 1007 4998 1355 je etwas thun, ſo follte es jezt geſchehen.
2751 1280 4979 1606 Weder der König noch des Miniſterium
2698 1557 3281 1835 ken̄en die
3115 1513 3402 1720 alle
3249 1558 4945 1932 Bedenklichkeiten. Es ſey Pflicht
2715 1793 4615 2190 darauf aufmerkſam zu machen.
2727 2100 5055 2468 Eine Form die Sache anzubringen habe
2690 2352 4004 2791 er für ſich aufgeſezt.
2741 2676 5014 3040 Herr Kanzler: Nur nichts an den König,
2711 2972 5097 3380 aber das Miniſterium wäre zu inſtru_
2668 3234 4979 3590 iren, vor weitem aber demſelben nichts
2696 3518 4992 3854 von Vorlegung an den König zu ſagen.
2724 3780 4993 4171 Herr Prof. v. Gmelin wurde hierauf um
2719 4074 4736 4430 Vorleſung des Entwurfs erſucht.
2756 4348 3859 4653 Hierauf aeußerte
2729 4585 5033 4893 Herr Kanzler. Der Bericht wäre nur an das
2757 4868 5024 5151 Miniſterium zu richten und bei daßelbe bei
2738 5091 4979 5454 den bekan̄ten Gerüchten um Erlaubniß zu
2748 5362 5070 5683 bitten, ſich deſhalb zu aeußern zu dürfen.
2789 5579 4947 5951 Herr Prof. v. Gmelin. Wenn der Bericht
2721 5856 5053 6228 auch nur dem Miniſterium vorgelegt werde,
2757 6110 5063 6446 ſo ſollte in demſelben doch auch etwas von
2726 6351 4973 6721 dem Eingang ſeines Entwurfs angeführt
2720 6640 3276 6875 werden.
2724 6768 4396 7126 Herr Rector fragte nun an:
2833 7060 5039 7428 Ob überhaupt der Senat in dieſer Sache
