5305 8219
3361 384 4173 728 Genehmigt  †
2715 607 3777 936 Ebenſo der 3te Punct
2681 851 4938 1257 Jn Beziehung auf den Schlußſatz des Schreibens
2679 1177 3809 1461 wurde,  concludirt:
2790 1483 5028 1851 Solchen wegzulaßen, und falls die eine oder
2820 1778 4931 2158 die andere Parthie mit dem Jn̄halt des
2801 2008 4911 2389 Schreibens nicht zufrieden ſeyn ſollte, ſie
2825 2266 5019 2552 unmittelbar an das Miniſterium
2835 2449 5027 2802 zu weiſen, ohne ſich von Seiten des Senats
2841 2642 4663 3056 weiter in die Sache einzulaßen.
2655 2840 3253 3182 Noch wurde
3261 2903 3892 3252 beſchloßen
2783 3120 5051 3481 den 2.ten Punct zum erſten und den erſten zum
2834 3377 4003 3680 2ten zu verſetzen. †
2641 3596 4977 4001 Während der Deliberation wurde von dem Herrn
2631 3797 3579 4155 Rector angefragt.
2784 4048 4973 4374 Ob wann ein Mitglied verlange eine Wahl per
2775 4303 5006 4584 Vota occulta vorzunehmen, der Rector daran
2740 4462 4946 4890 gebunden ſey? und ob Herr Prof. Mohl ſich einer
2747 4751 4655 5118 nochmaligen Wahl zu unterwerfen habe.
2692 5855 5031 6360 Nach dieſem wurde von Herrn Rector noch fol_
2687 6100 4271 6488 gendes in Vortrag gebracht.
2489 6358 5007 6796 1.) Nach einem Reſcript vom 6/9. Mai ſey der Senat
2618 6590 5001 7102 beauftragt worden, für die Wiederbeſetzung
2620 6861 4970 7280 der erledigten Lehrſtelle der ThierArznei_
465 548 2626 919 † mit dem Beifügen, daß des Unterbiblio_
546 787 2563 1204 thekar Tafel erſt nachher beſonders er_
565 1058 1624 1390 wähnt werden ſolle.
280 3503 2590 3930 † Von den Herrn Profeßoren von Eſchenmaier,
389 3746 2485 4156 Kern, Baur und Schmid wurde noch Mitthei_
364 3967 2448 4365 lung des heutigen Protokolls verlangt.
361 4249 2656 4569 So viel ich mit erinnere, ſo war eben
368 4419 2685 4770 derjenige Punkt, ob wohl Prof. Mohl
409 4661 2708 4962 ohne eine neue Wahl in der Com̄iſsion
387 4792 2609 5152 bleiben ſolle, ein Hauptpunkt des
394 4980 2709 5327 Anſtoſses und mußte es auch für alle
423 5233 2625 5578 diejenige ſeyn, welche früher auf
392 5402 2578 5766 die Zurüknahme des Beſchluſses
404 5650 2693 6013 geſtim̄t hatten. Wenn ich nicht ,
415 5920 2605 6252 ſo ſtim̄ten für eine neue Wahl
409 6078 2466 6430 auſser mir die HHℓ. Prof.
388 6359 2438 6664 Michaelis, Kern, Bauer und
440 6616 960 6835 Schmid.
1691 6613 2361 6830 Eschenmayer.
1690 6805 2242 7025 Michaelis.
1773 6960 2278 7214 Kern.
1755 7172 2605 7425 Baur. Mit der in
1260 7342 2697 7577 dem Protokoll nicht bemerkten Erklä_
1210 7498 2704 7694 rung, daß ich mir das Protokoll ebenfalls noch
1186 7591 2777 7787 offen behalte, für den Fall, daß die Akten noch an das
1200 7714 2344 7908 Miniſterium geſchikt werden.
2491 7675 4150 7911 Ebenſo Schmid. Die Gründe auf welche er dieſes
4018 7760 4136 7820 ſein
4150 7730 5001 7920 Votum ſtützte, ſind aus
3341 7854 4431 7954 der Beilage hier einzuſchalten
