5305 8219
4873 282 4997 358 2.
2624 499 4995 874 Herr Kanzler: Es kön̄te geſagt werden;
2603 773 4965 1089 Man erwarte, daß bei Regulirung des
2611 1006 5062 1347 NormalEtats die Befoldungen erhöht werden.
2633 1281 4942 1656 Herr Prof. Schrader: Für die An̄ahme. Es ſey
2613 1528 5009 1946 aber etwas Schlim̄es für die Univerſität und
2609 1784 4979 2250 daher Pflicht zu ſagen, man handle unbillig.
2645 2062 4633 2421 Herr Prof. Wurm: Für die An̄ahme.
2617 2307 5020 2675 Herr Prof. Steudel: Ebenſo; dabei aber halte
2601 2569 4922 2954 er es für Pflicht zu ſagen, daß man von
2604 2819 4916 3260 der frühern Berechnung der Naturalien
2620 3127 4976 3496 herunter gegangen ſey, und deswegen hoffe,
2640 3390 4929 3739 es werden bei Regulierung des Normal_
2659 3599 5008 4061 Etats die Berſoldungen auf 1400. fℓ. beſtim̄t
2653 3881 4971 4170 werden, damit man gute Lehrer bekom̄t.
2655 4113 4720 4490 Herr Prof. Jäger: Es wäre zu ſagen
2757 4422 4943 4763 a.) Unter den gegenwärtigen Verhält_
2763 4611 4942 4938 nißen nehme man das Anerbieten
2876 4874 3619 5224 dankbar an.
2758 5028 4964 5394 b.) Zu erklären, daß leicht zu erken̄en ſey,
2806 5293 4973 5696 daß den frühern Erwartungen und Be_
2803 5567 4933 6017 rechnungen nicht entſprochen worden ſey.
2800 5812 5090 6178 c.) Man glaube, bemerken zu müßen, es werde
2818 6057 5020 6389 beim NormalEtat eine höhere Beſoldung
2854 6301 5031 6749 eintreten, damit man recht tüchtige Leh_
2900 6537 3720 6786 rer bekom̄e.
2669 6716 4880 7120 Herr Prof. Chriſt. Gmelin: cum voto prox praec.
2669 6992 5073 7304 Herr Prof. Scheurlen: Er habe geglaubt es werde
2679 7211 5027 7635 die frühere Berechnung als Maasſtab angenom̄en
