5305 8219
4830 268 5030 389 172.
2619 571 5019 969 kunde kunde befähigte Candidaten auſzuſuchen,
2580 860 4634 1179 und ſeiner Zeit Vorſchläge zu erſtatten.
2695 1057 5032 1335 Dieſes Reſcript werde der mediciniſchen Fakultät
2555 1280 4755 1644 zum Gutachten darüber zuzuſtellen ſeyn.
3309 1490 3801 1747 Conclus
2800 1650 3213 1841 placet.
2566 1806 4890 2158 2.) Bitte den NaturalienCabinets-Aufſeher und
2629 2041 4984 2404 Gehilfe Rath ihm von ſeiner Caution von 400 f
2610 2276 4957 2601 die er in baarem Geld geleiſtet, ₍჻ 200. fℓ. zu
2620 2495 4722 2882 ſeiner Einrichtung verabfolgen zu laßen.
2609 2759 4990 3116 Da die Caution von dem Miniſterium auf 400. fℓ.
2604 2999 4994 3323 beſtim̄t worden, ſo werde mann nichts davon
2589 3196 5003 3561 abgeben kön̄en, und die Bittſchrift mit Bericht
2638 3455 5022 3792 des Herrn Vorſtehers des Naturalien-Cabinets
2614 3691 4544 4097 an das Miniſterium einzuſenden ſeyn.
3380 3973 3769 4202 Concl.
2919 4043 3762 4388 Einverſtanden
2597 4363 4966 4781 3.) Der entlaßene Hatſchier Klumpp, welchem durch
2665 4585 4974 4966 das SenatsDecret vom 29. Nov. 1827. für dieſes
2651 4810 4992 5151 Jahr ein Gratial von 8. fℓ. bewilligt - und dabei von
2669 5029 5045 5399 ſeinem Wohlverhalten abhängig gemacht worden
2639 5283 5033 5680 ob er dieſes Gratial fortbekom̄en ſolle oder man
2670 5560 5049 5914 ihm mehr geben wolle, bitte nun um eine Unter_
2661 5726 3200 6135 ſtützung.
3315 5908 3740 6130 Concl.
2741 6115 4966 6540 Dem Klumpp eine järliche Unterſtutzung
4214 6003 4927 6295 für ein Jahr
2723 6442 5025 6793 von 24. fℓ. welche ihm monatlich mit 2. fℓ. zu ver_
2762 6616 3336 6882 abfolgen
3233 6604 3826 6800 für ein Jahr
3301 6699 4894 7052 aus der LazarethCaße zu be_
2767 6811 3342 7097 willigen
2626 7085 4987 7390 4.) Nach einem Miniſteriellen Reſcript vom 12/21. d. M.
2725 7276 4976 7641 werde der Senat angewieſen zu berichten, bei
