5305 8219
2644 531 4927 963 ſchuß bey der Rectoratscaſſe
2645 895 4922 1244 300 f. an die Bibliothekcaſſe
2671 1106 4996 1501 zu Abrechnung an jenem Gut‗
2677 1444 5004 1792 haben der cath. theoℓ. Facultät
2666 1732 4701 2077 abgegeben werden ſollen.
2420 2015 4849 2329 5.) Da das Betteln in den Häuſern
2630 2281 4936 2578 ſo ſehr überhand nim̄t, daſs zu be‗
2660 2492 4994 2851 fürchten iſt, es möchten aus dieſem
2691 2812 5007 3084 Grunde die halb= und vierteljährℓ.
2632 3016 5006 3351 Beyträge an das Armen=Jnſti‗
2676 3337 4892 3670 tut hir und da verweigert
2632 3625 4101 3924 werden, ſo wurde
3327 3852 4173 4188 beſchloſſen
2641 4091 4922 4462 wegen Handhabung der Polizei
2634 4320 5002 4753 in Rückſicht auf den Hausbettel
2660 4556 5016 4989 geeignete Vorſtellung † bey dem
2668 4840 4976 5248 hieſigen Oberamte durch das
2644 5140 5019 5561 Rectoratamt machen zu laſſen.
2440 5454 4891 5818 6.) Hℓ. Profeſſor Jäger macht auf
2623 5779 4854 6091 mehrere Fehler aufmerkſam,
2688 5938 5024 6357 welche im neueſten Lections=Ca‗
2671 6283 5026 6639 talogen aus Verſehen der Redacti‗
2658 6527 5027 6864 on vorkommen. Damit dergℓ.
2634 6797 5017 7150 in Zukunft vermieden werden,
2627 7105 4335 7448 wurde beſchloſſen
2604 7369 4998 7663 daſs, wie es bisher ſchon von einzelnen
739 4233 1528 4486 † die nun bei
336 4779 2226 5150 NB Wurde wegen der Krankheit des
492 5024 2312 5325 OAman̄s verſchoben, u wo auch jetzt
524 5185 2413 5541 noch im Anſtande gelaßen, da - bei
552 5357 2325 5649 dem Tode des ORR. Kern u der
569 5523 2331 5856 eingetretenen Amtsverweſerei -
569 5670 2290 5967 die Vorſtellung wohl beßer bis
628 5829 2304 6185 auf Wiederbeſetzung der Stelle
655 5963 2454 6423 verſchoben wird, was auch Concluſo
663 6151 2607 6564 fi S. gemäß ſeyn wird, da dieſes
691 6337 2551 6777 in ſeinen Motiven beſonders auf
730 6552 2383 6928 die Perſönlichkeit des ORR.
747 6779 1855 7126 Kern rechnete.
1863 6769 2403 7158 Wächter.
