5305 8219
2651 725 5013 1105 ein Schreiben vom 28. Märtz in Kentniß ge_
2664 998 5030 1368 ſezt worden, zwiſchen dieſem und dem Herrn
2648 1258 3014 1557 Prof.
3026 1211 3304 1408 Mohl
2976 1273 4695 1599 entſtandenen Uneinigkeiten.
2707 1529 5029 1861 Das erwähnte an Herrn Oberbibliothekar
2649 1760 5058 2167 erlaßene Schreiben, das vorgeleſen wurde,
2724 2052 5082 2396 ſey vorher dem Collegium der Herrn Dekane
2683 2301 4954 2685 vorgelegt und von dieſem per Majora geneh_
2657 2559 3483 2790 migt worden.
2726 2744 5011 3106 Die BibliotheksCom̄ißion, mit welcher des_
2685 2982 5022 3363 halb Rückſprache genom̄en worden, ſey der
2649 3213 4997 3552 Meynung, die Sache auf eine gütliche Weiſe
2649 3409 3885 3743 beizulegen zu ſuchen.
2713 3683 5039 4025 Nach der Lage der Verhältniße würde es
2682 3949 5040 4271 unangenehm ſeyn, wenn die Sache an die
2714 4142 4567 4466 höhere Behörde gelangen würde.
2809 4365 4509 4751 Es wurde deswegen angefragt:
2778 4669 5078 5024 1.) Ob Ampl. Senatus die Vorlegung ſämtlicher
2813 4906 4989 5266 Acten oder gütliche Beilegung wünſche?
3366 5158 3782 5374 Concl.
2863 5350 4319 5678 Die Sühne zu verſuchen.
2823 5597 5012 5926 2.) Ob noch vorher unterſucht werden ſollte,
2808 5848 5037 6197 ob der SenatsBeſchluß vom 27. v. M. gültig
2883 6078 3764 6373 ſey, oder nicht.
3417 6339 3835 6670 Concl.
2863 6466 4929 6806 Es ſolle bei dem einfachen Verſuch
2901 6758 4989 7164 der Güte verbleiben, dieſer Verſuch
2904 6997 5075 7355 aber ſogleich gemacht werden, um biß
