4292 5213
273 229 303 154 152

515 256 3299 317 einmal kennen zu lernen recht interessant. Mir fiel auf,

488 497 3464 243 daß ausnahmsweise fast keine Stacheln vorkamen, nur eine Lianen„

505 630 3319 215 art hatte dornige Fortsätze; die Kautschukliane zu unterscheiden gelang

494 759 3350 207 mir nicht (außer an der Bearbeitung), aber Individuen aus diesem

492 922 3355 169 Geflecht herauszuschälen ist überhaupt schwer. Es ist wie eine große

486 1016 3104 274 Symbiose, nur daß einer den andern zu ersticken droht.

689 1113 3098 332 Zwischen zwei niedrigen aus Sand bestehenden Plateaustücken

495 1295 3351 294 führte ein Paß zum Nampororo nieder, der bemerkenswerter„

458 1526 3460 179 weise zum Ruawa entwässern soll. Vor dem Abstieg ein sandiger

499 1621 3540 288 Hang mit niederem Gras , da bewölkt (zum Glück in diesem Labyrinth)

509 1807 3331 220 machte ich Tuiskonen-„Waldpenne“. Endlich ein Blick über das Land

518 2003 3426 205 nach N u. O; freilich wenig unterscheidbares Hügelgelände, doch war

531 2165 3351 205 außer einem der vom Tendaguru zu sehenden Inselbergen auch die

516 2320 3464 179 Landmarke des Nandanga schwach sichtbar, ein Anhaltspunkt zum Peilen.

507 2426 3456 258 Dann tauchten wir wieder im Busch unter. Selbst in d. kümmerlichen

501 2555 3281 245 Feldern am Nampororo fand ich kein Plätzchen, auch nur mein Zelt

518 2685 3453 280 ohne Roden aufzustellen. Wir waren reichlich genug gegangen (vielleicht

521 2832 3393 266 nicht der Luftlinie nach!) und an der Wasserstelle, wo ich

524 2991 3396 270 durch Boten in d. letzten Tagen mit Janensch ein Rendez-vous ver„

541 3144 3397 259 abredet hatte, wohnten keine Leute. Es gingen 2 Mann zum benach„

525 3369 3423 202 barten Namguiche u. brachten auch abends die Meldung, Janensch

517 3454 3267 300 sei von Mchuya dort eingetroffen. Hier höchst ungemütlich in

526 3600 3404 303 der dem Auge nichts bietenden, den Fuß fesselnden Buschumklam„

526 3753 3394 310 merung. Dazu abends u. nachts empfindlich kalt. Daß die Leute

572 3910 3256 315 in ihrer dürftigen Kleidung das - wenn auch mit einigen

526 4059 3387 280 Erkältungen - ertragen, beschämt mich fast als Europäer. Ich

568 4277 3410 206 legte die Pellerine nicht an, nach der ich einiges Verlangen

550 4495 291 187 trug.

725 4563 3225 250 18.VII. Um 4 aufgestanden, im Mondschein durch den Busch, obwohl
