4292 5213
272 238 233 213 136

536 252 3398 275 13.V. Kindope. Magazine eingeräumt. Abrechnungen,

518 457 3456 279 Poscho-Zahlung. Besuch des neuen Jumben Mtola, nach„

560 661 3251 266 dem der frühere Omari gestorben. Wir stehen mit

543 840 982 252 diesem besser.

453 966 3335 342 Sonntag d. 14.V. Wegen Mangel an Beschäftigung auf

627 1172 3035 343 Jagd ohne viel Hoffnung. Bei Mondschein nach N.,

542 1396 3230 234 an d. Barrabarra entlang bis zu der Kante rechts

515 1543 3421 319 des Mtapaia, an dieser Bach-aufwärts in meist niedri„

540 1811 3416 224 gem Grase. Um 7¼ sprang ein einzelnes Barappi auf,

514 1903 3306 292 hatte uns aber wohl nicht gesehen; es blieb stehen u.

525 2097 3264 273 ließ mir Zeit ein Plätzchen knieend zu suchen, wo

538 2289 3251 241 ich es einigermaßen durch die Büsche sehen konnte.

540 2439 3273 260 Es stand schlecht, fiel aber sofort; ich gab noch schnell

571 2586 3388 280 einen Gnadenschuß. Schönes starkes Männchen. Sonst

538 2732 3302 285 nicht das geringste Wild, auch keine Spuren. Über

517 2930 3452 308 Lipogiro u. Lindi-Weg zurück. Um 9 im Lager. D. Morgen

541 3130 3225 279 schön frisch u. farbig, dann aber den ganzen Tag

561 3302 2602 271 bedeckt, im Westen einmal Regenfall.

633 3436 3062 243 15.V. Viel Landwind, etwas Regen, in d. Umgebung viele

516 3585 3221 248 einzelne Niederschläge. Janensch kommt noch nicht, er ist erst in

526 3757 2304 245 Lindi, dann in Mtschinga „nicht fortgekommen“.

573 3893 3264 279 17.V. Nach d. Erfahrungen, der letzten 3 Tage wartete ich wieder

495 4072 3337 253 bis nach 12 mit d. Essen (Reste des Barappi-Fleischs), dann kam

522 4158 3256 241 aber während des Essens ein Boy, nachher die Träger,

528 4305 2872 268 zuletzt Janensch. Und er behauptet nervös zu sein!

574 4462 3263 245 18.V. Wie täglich, Besichtigung in Kindope, wo gestern auch am

500 4622 2477 228 Iguanodonten d. Arbeit wieder aufgenommen.
