4292 5213
204 237 203 169 128

360 236 3379 175 Bornhardt u. v. d. Borne gut, die Verwerfung muß aber etwa

425 364 3421 254 an d. Bahn ihr Ende haben, wo die Sandsteine noch schiefgestellt

405 473 3400 287 sind. Auch hier wie beim Fungafunga freilich Plateaurand, der

485 622 3261 265 hier Erosionswerk sein müßte. Ob nicht d. Ngerengere früher in

413 813 3421 264 d. Wami ging statt des sozusagen unnatürlichen Abweges in

407 987 3344 232 den Ruvu? Uluguru-Gebirge nochmal ganz frei gesehen. Wie

392 1165 3491 217 müssen den ersten Eindringlingen auf d. Wege von d. Küste her

442 1288 2599 230 die Herzen geschlagen haben bei solchem Anblick!

627 1437 1139 265 Schöne Sternennacht.

824 1582 3004 242 21. Apr: Da ich den Weg an d. Bahn für sehr schmutzig hielt

453 1730 3223 272 u. d. Träger mit d. schweren Lasten nicht gut auf den Schotter

448 1911 3462 275 ausweichen konnten, schickte ich sie auf dem Parallelwege. Frei„

429 2085 3231 191 lich gerieten sie grade dort in hohes Gras u. Morast und die

419 2180 3262 290 Bahn erwies sich infolge der seitlichen Ausschachtungen als

457 2322 3348 281 gänzlich trocken. Leider bot sie keine Aufschlüsse, doch war das

436 2479 3515 239 letzte Stück hinter Kitugallo in gelblichweißem Tone frisch angeschnitten

484 2686 3479 270 für neue Bahnhofsanlagen. Obwohl an Sandlagen gleiches Einfallen

488 2862 3326 248 nach S O erkennbar, halte ich es nicht für unmöglich, daß die

451 2964 3428 312 petrographisch gleiche Schicht am linken Pandambili-Ufer identisch

476 3158 3406 279 ist, was beim Gefälle der Bahn vielleicht nicht einmal hori„

504 3277 3390 293 zontale Lage im nicht aufgeschlossenen Teil zur Voraussetzung

504 3523 3357 204 haben müßte. Auch der Morast in der Niederung des Myombo-

449 3662 3223 208 Flusses könnte auf Tonboden hinweisen. Die flache Scheide

484 3769 3370 301 zwischen Myombo u. Pandambili wird leider von d. Bahn ohne

478 3917 3422 300 Einschnitt überwunden. Bei km. 124,1 (höchstens 1 km von d. Stelle,

486 4109 3330 173 wo die vorjährigen Beobachtungen anknüpfen u. von dort durch

458 4243 3352 222 Niederung ohne Aufschluß getrennt) verließ ich d. Bahn, links

473 4379 3361 213 ab zum vorjährigen Lagerplatz in Pandambili Ankunft um

446 4582 3248 175 10, Träger erst zwischen 12 u. 1. 4-5½ Regen, sodaß ich keinen

472 4737 1446 227 Ausflug mehr machen konnte.
