4292 5213
3876 270 82 50 5

432 328 3604 133 die Maimbwi-Gegend u. d.Lipugiro-Hügel nach Spuren

458 463 3468 161 abzusuchen. Ergebnis trostlos trotz meist niedrigen Gras„

444 654 499 124 wuchses.

721 762 3081 161 Gegen Abend 2 starke Regengüsse. Post beendigt.

547 947 3322 180 Sonntag d. 8 Mai: Da der für heut beabsichtigte Pürsch„

515 1105 3294 222 gang schon gestern erledigt wurde, Sonntagsruhe,

502 1278 3294 230 d.h. nachdem die Post abgegangen. Ali geht auch mit,

499 1444 3379 211 um aus Lindi eine Frau zu holen. Janensch am

447 1610 3214 231 Maimbwi mit gleichem negativen Resultat.

620 1762 3239 238 Ich gemalt, Aquarell von Amani beendet. Wenn

482 1936 3232 253 auch manches noch mißfällt u. über meine

471 2056 3515 305 Kräfte geht, freut's mich doch ein paar bleibende

473 2247 2968 277 persönliche Andenken festhalten zu können.

705 2412 3364 259 Eine große Hyäne ist nachts dicht am Lager gewesen.

812 2627 2990 219 9 Mai: Morgens rings um den Tendaguru u.

581 2741 3255 235 nach Kindope. Auch hier keine Spuren. Hörte ein

570 2891 3398 266 Mbawalla in großer Nähe, ohne im Grase etwas sehen

610 3044 3333 252 zu können. Heut mit über 200 Mann gearbeitet,

588 3206 3269 247 Weiter-Einstellungen einstweilen gestoppt, da noch

598 3368 3261 250 Wayao u. Wangoni im Anzuge. Neuer Graben am

601 3549 3406 222 bisherigen Lagerplatz (nach W.) begonnen, kleine Wirbel„

619 3763 1570 167 körper u. Rippen darin.

865 3901 3096 207 Von dem Finder der Knochen im Lukuledi-Tal er„

586 4043 3339 231 fahren, daß die Stelle 3 Std. von Mroweka in einer

536 4242 2018 195 Eingeborenen-Schamba liege.

771 4358 2986 223 Abends mit Janensch am neuen Dorflager.

630 4531 3157 200 Vormittags wieder aufklärend u. neue Trockenheits„

587 4679 2321 177 periode einleitend. Neumond!
