4292 5213
3780 136 226 215 137

437 220 3526 248 19.V. Komme endlich nach Mtapaia, wo längst d. Arbeit aufgenom„

476 397 3360 142 men, bisher Janensch's wegen gewartet. Er „kommt“ auch

447 503 1487 286 heut nicht nach Kindope.

486 625 3413 316 20.V. Janensch legt in d. alten Schamben einen Gemüse„

471 794 3194 260 garten an, für den ich als heftiger Karnivore wenig

459 963 3532 262 Interesse habe. Auch scheint mir unser Interesse hier ander„

467 1079 3465 282 weitig reichlich engagiert zu sein, indes das ist Gefühls„

468 1234 3453 318 sache. Janensch wünscht, daß ich erst morgen ziehe; immer so

450 1435 3261 293 spät als möglich! Ich möchte wegen d. Poscho nicht widersprechen.

659 1548 3059 289 Wegen Drahtunterbrechung noch immer ungewiß, ob

498 1703 1933 288 v. Staff an Bord. Poschozahlung.

818 1855 2962 301 Letzter Regen, bisher freilich täglich, u. nicht

448 2089 968 259 immer sanft.

611 2217 3206 289 Sonntag 21.V: Abmarsch nach Lindi, Lager auf Noto

474 2402 3393 298 beim neuen Jumben. Gestern Herr Kaiser auf Rückweg

466 2557 3284 306 von Nambiranye hier. Der alte Mwindadi hat dieser Tage

512 2742 3362 275 2 Löwen in d. Falle gefangen. Warum geht's denn bei uns

516 2940 390 228 nicht?

773 3032 2978 298 22.V: Marsch bis Lutende, ab im Mondschein, an 11½ Uhr. Nach

513 3214 3333 240 kurzer Rast Träger nach Namembo voraus dirigiert, da Dampfer

511 3362 3145 293 schon für heut gemeldet. Mit Führer u. Boy links ab an der

542 3551 3232 276 Quelle vorbei in's Nkanga-Tal, an ihm wieder aufwärts,

537 3722 3364 208 durch Dickicht u. Schamben, stellenweise durch Wasser zu einer

521 3862 3350 289 jenseits gelegenen Knochenstelle. Dicht voll Mtama stehend, in„

516 4024 3439 254 dessen an Knochensplittern die Richtigkeit festgestellt (= Pilepile),

483 4231 3308 274 besonders interessant, weil überlagert von dem Ton der

468 4389 2486 286 Mulde hinter Kitulo, damit als tertiäre

2655 4348 369 146 Ob. Kreide?

2909 4379 1073 245 Auflagerung wohl

453 4537 3413 294 gekennzeichnet. An steilen Hängen im Mtama-Feld u. Tal um 12h

464 4719 3557 238 verdammt warm. Marsch bis Namembo. An 1½ ca. Unter d. Mangos.
