4292 5213
3837 254 145 64 85

504 290 3509 145 2. Jan. Janensch kommt natürlich morgens noch nicht fort, was

555 443 3482 162 diesmal erklärlich ist, da wirklich viel zu tun u. zu bedenken

553 587 3378 160 ist. Merkwürdig ist nur, daß er sich immer wieder über

547 731 3536 153 den Schlußtermin täuscht u. dann mit wirklichem Behagen

593 890 3372 146 aufzuschieben scheint. Er läßt sich auch heut weder Zeitungs„

535 1037 3354 179 lesen noch Nachm.-Schlaf entgehen u. muß im Augenblick

551 1218 3388 166 der Abreise unsere beiden Affen photographieren, wäh„

549 1382 3241 182 rend die Träger seit mittag darauf brennen in's

533 1551 3374 167 Lager zu kommen. Heftiger Regen. Danach, etwa um

548 1721 3239 181 4 ½ Uhr nachm. Abmarsch Janensch's über Kindope nach

544 1884 3375 179 Kilwa-Seite, wo es Saurierlagerstätten zu suchen gilt.

524 2041 3367 164 Ich begleite ihn bis Kindope, wo wir an d. Gräben u.

553 2199 3228 136 Knochen Abschied nehmen; vielleicht sehen wir uns

538 2364 3406 139 erst in Europa wieder. In Büchern gelesen käme mir

537 2531 3439 140 ein solcher Abschied im Innern, wo Jeder auf ein paar

485 2686 3294 149 Wochen wenigstens allein zurück bleibt, sicher sehr

504 2877 3398 117 poetisch u. beneidenswert vor. Hier ist's so natürlich,

522 3051 3450 140 u. allein bin ich nicht, wo ich jeden Schwarzen mei„

531 3210 2464 148 ner Umgebung als eine Person kenne.

627 3383 3375 123 3. Jan. Schönes Trockenheitswetter, auch in d Umgebung keine

437 3527 3390 115 Niederschläge. Mir sehr zu paß, denn ich möchte möglichst

522 3662 2541 143 bald fort, um Zeit für die Safari zu haben.

573 3833 3332 145 Ein Gürteltier, Ein Schuppentier, das wir gestern bekamen,

514 3989 3142 141 mit Aether u. Cyankali erstickt, was leider unerwünscht

525 4149 2600 134 lange dauerte. Aber d. Zoologen wünschen es.

736 4356 3145 146 4. Jan. Wieder völlig trocken, dabei auf d. Berge nicht

562 4528 2089 147 heiß. Herrlich klare Fernsicht, frische Farben.
