4292 5213
3653 155 260 177 107

364 279 3556 189 wieder nicht mehr zu stimmen. Auch sollte nach Bornhardt südl.

362 406 3528 316 Mtshingiri das Plateau bis über 800 m. steigen. Weder war

424 654 3449 152 über die Baumkronen hin etwas zu sehen, noch aus den

408 740 3604 267 Antworten der Eingebornen eine Bestätigung zu entnehmen.

605 938 3112 213 25.II. Über Rubiagire zum Lutamba. Hoffte durch

475 1162 3431 147 die zerrissenen roten Wände zu kommen, die man

487 1283 3252 262 vom See aus sieht, u. die Schichten von Pilepile

522 1430 3303 298 hier irgendwo wieder zu finden. Aber nichts

475 1603 3311 243 davon. Schöner Morgenspaziergang auf bereits

512 1791 3230 250 gereinigter Barrabarra in freilich nicht sehr

497 1950 3315 261 wechselreicher Vegetation, nur der dichte Nebel gab

544 2069 3346 305 ihr etwas Silhouette. 2 Std. strammen Marsches bis

524 2236 3343 335 Rubiagire leider ohne jeden Ausblick auf die

500 2481 3257 272 Plateauformen oder in's Tal. Dann links ab

558 2667 3422 205 sehr allmählich bis zur Plateaukante aus groben

495 2822 3564 261 Nkanga-Konglomeraten, darunter steil u. steinig.

503 3001 3337 243 Bei Rubiagire sah man einen Taleinschnitt nach N.

505 3118 3448 305 entwässernd, dahinter die gleiche Plateauhöhe weiter

501 3307 3261 288 nach O gehend, über die eine Barrabarra nach

521 3464 3225 318 Mtua gehen soll. Hätte ich das eher erfahren! Nach

540 3652 3298 208 meinem Barometer liegt Rubiagire tiefer als das

548 3824 3263 287 Lager beim Bakari, während ich ganz eben zu

582 3993 3074 285 gehen glaubte. Das Vorplateau scheint fast hier

587 4171 3186 279 allmählich in's Rondo überzugehen, also garkeins

598 4343 3168 261 zu sein. Und nirgends die geringste Übersicht̄!

634 4484 3128 276 Der Abstieg führte über ein mit tropischer Üppigkeit

565 4638 3163 293 bewachsenes kl. Tal voller Bananen, dann an
