4292 5213
263 223 234 192 112

402 254 3460 318 Sonntag d. 12.III: Das Fieber kommt nicht wieder, zu„

591 427 3325 266 weilen etwas Kopfschmerz. Etwas Langeweile,

576 630 3280 206 mir behagt das Bummelleben nicht, u. wie Andre

596 784 3446 184 einen Vormittag über im Stuhl sitzen u. schwatzen,

616 843 3362 211 bringe ich nicht fertig. Ein Glück, daß selbst unter

558 962 3225 314 solchen Umständen d. Zeit in Afrika fliegt. Die

543 1131 3201 328 Mittagsstunden von 11-3 sind leider gänzlich

593 1289 3232 256 verloren, man kann sich kaum bewegen. Das

580 1497 3228 234 blendende Daressalaam ist mir fast von 8 Uhr

609 1626 2128 267 ab in d. Straßen eine Qual.

712 1771 3116 276 13.III. Hospital, Besorgungen. Schach mit einer

621 1965 3071 243 Frau v. Maltzahn, wie schon gestern. Sie hat

638 2159 3119 237 offenbar viel Geld u. nochmehr Zeit, hat viel

621 2268 3234 281 gesehen, interessiert sich für Alles, aber para„

604 2392 3332 268 diert gern ein bischen mit ihrem Allerwelts-

583 2605 3191 234 Bürgertum. Sie wird imselben Zuge wie ich

639 2725 3253 284 fahren. Hätte ich nur schon heut fortgekonnt, es ist

610 2853 3272 335 schmählich heiß u. ich tue nichts. Abends im Klub gekegelt.

743 3022 3053 328 14.III. Gepäck fertig gestellt, z. T. auf d. Bahn

632 3228 538 227 gebracht.

714 3301 3034 287 15.III. Ab 625 von Daressalaam nach Mikesse. Bewölkt, daher

647 3503 3111 224 garnicht heiß im Zuge. Mit Fr. v. Maltzahn gefahren, die ohne

658 3690 3196 227 Bedienung, nur mit einem Bettsack in Afrika reist. Fragte sie

646 3801 3021 292 viel nach ihren Reisen durch alle Länder aus. Kluge Frau.

627 3963 3216 289 An Mikesse 2½. Hr. Sattler m. Trägern an d. Bahn. Gepäck aber

638 4124 3144 302 noch nicht mitgekommen. Dr. Janensch leider noch lange

663 4304 3187 232 nicht zu erwarten, ich sitze daher etwas fest, aber schließlich

652 4486 3242 236 bin ich d. Schuldige. Hr. Sattler hat einen Gehilfen, Hrn. Hausmann,

632 4599 3110 278 mit diesem noch abends auf d. prächtigen Aussichtspunkt. Von

646 4805 3144 209 dort auch die Gummi-Plantage zu übersehen, die inzwischen an
