4292 5213
282 230 94 164 74

595 306 3302 138 9 Dez. Morgens in Kindope. Wegen d. zu erwarteten Besuchs hatte

475 417 3275 165 ich einen Anwohner in aller Frühe nach den unten am Mbenkuru

510 574 3320 121 stehenden Barappis Ausschau halten lassen u. wurde auch m. der

478 690 3356 131 Meldung von 3 Tieren empfangen. Ging fast ohne Aufenthalt in d. Gräben

518 788 3385 221 (Bei St gestern wieder schönes Femur der zweitgrößten Form aufgedeckt!)

550 948 3128 221 hinab u. sah alsbald einen prächtigen Wasserbock unter mir

535 1114 3269 211 durchwechseln. Ruckweise sprang ich nach, durch einen Busch lugend

555 1269 3262 188 sah ich ihn undeutlich aber dicht vor mir u. durfte mich nicht rühren, da

563 1411 3324 198 mir schien als äugte er starr auf mich zu; der Schweiß triefte in Bächen.

535 1552 3349 200 Er machte schließlich eine Bewegung als wollte er weiter gehen

569 1680 3094 213 u. da mich jeden Augenblick ein Lufthauch verraten konnte,

572 1866 3115 175 s nahm ich die Büchse hoch u. schoß. Er sprang ab, aber in

601 2008 3112 189 der ebenen Steppe blieb er frei, ich setzte schnell durch

577 2162 3298 183 das Gebüsch. Da blieb er zum Glück noch einmal in einiger

537 2326 3246 195 Entfernung stehen. Ohne viel Hoffnung schoß ich abermals,

542 2506 3273 165 jetzt aber taumelte er u. nach wenigen Sätzen fiel er.

588 2657 3219 175 Ich weiß nicht, welcher von beiden Schüssen getroffen hat.

584 2820 3233 170 Vor dem zweiten sah ich bereits einige Weibchen wei„

581 2969 3230 186 ter ab im Grase stehen, die sich kaum stören ließen

604 3128 3085 181 nur scharf äugten. Nun ging ich nach, kam aber in

585 3300 3282 166 d. freien Feld nicht nah genug. Von mehreren Schüssen

553 3456 3256 167 hatte aber einer getroffen u. bald hatten wir etwas

526 3610 3291 185 Blutspur. Nach langer Verfolgung durch Dickicht wieder in's Freie; ich

627 3789 3200 155 ahnte, dort liegt das Tier u. gehe vorsichtig heran, da kommen in„

641 3972 3108 141 zwischen die Leute von d. Gräben, den Bock zu holen, und

644 4140 3201 153 d. arme Tier geht wieder ab. Noch zweimal hatte es gelegen,

660 4314 3204 128 im Mbenkuru-Bett u. jenseits im hohen, starren Elephan„

659 4460 3258 154 tengrase. Die Spur ging dort endgiltig verloren u. ich mußte

607 4634 3129 130 d. arme Tier den weiteren Schicksal überlassen. Ich hatte
