4292 5213
308 347 115 65 28

604 328 3270 222 erreicht u. dort nach u. nach Leute getroffen, die

596 534 3307 216 ich nach allen Richtungen sandte. Endloser Rück„

608 719 2830 254 weg. In d. Gräben nichts von Bedeutung.

729 909 2993 222 Abds. im Dunkelwerden kam d. Beute an, die

515 1088 3275 172 ich so gern in situ photographiert hätte. Im Lager

502 1248 3250 236 heller Jubel. Einer brachte ein Stück Fleisch zur

502 1411 3284 227 Seite. Mit möglichst grimmigen Zorn versetzte

590 1578 3247 217 ich ihm eine Ohrfeige u. war überrascht zu sehen,

614 1735 3178 249 wie die ganze Korona scheu auswich, als wollte

632 2006 1041 157 ich Alle schlagen.

833 2083 2389 270 20 Juli: Vorm. Nach Kindope; bisher wenig Erfolg.

702 2223 2979 305 Janensch noch nicht zurück. Die Wangoni brachten eine

636 2393 3134 290 große Riesenschlange vom Graben mit, die einen Buschbock zu

618 2550 3194 281 verschlingen begonnen hatte; d. Gehörn war aber wie durch

634 2700 3109 288 ein Zurückziehen ( des (also noch nicht getöteten?) Opfers der

649 2864 3132 274 Schlange aus der Kehle gedrungen u. beide Tiere waren

636 3062 3149 227 in dieser eigenartigen Kampfstellung eingegangen. Die

622 3240 3000 216 Antilope hatten d. Wangoni schon als Braten beiseite

648 3384 2984 212 gebracht, ich konnte daher nur den Schädel im Rachen

664 3619 783 104 photographieren.

798 3724 1747 185 21. Juli: Mittags Janensch zurück.

813 3841 2876 203 22 „ : Vorm. Auf Kindope. Es beginnt zu werden.

791 4023 2910 183 23 „ Auf d. Wege zum Graben im Tingutinguti fanden d.

632 4308 349 69 Wangoni

1030 4229 154 54 Spuren

981 4161 2801 199 eines frisch vom Leoparden geschlagenen Warzenschweins. Ich

594 4292 3233 275 sagte sie sollten den Schädel suchen. Mittags erklärten sie den

598 4487 3225 239 Kadaver gefunden zu haben u. führten mich an d. Stelle.
