4292 5213
260 312 112 57 42

415 309 3316 169 30. Aug. Nahm Janensch die Besichtigung der neu ge„

505 459 3078 195 legten Barrabarra zum Noto ab, wäre freilich

535 616 3207 183 gern ein ander Mal gegangen, um von dort

531 749 3170 225 den Weg nach Ubolela z kennen zu lernen.

536 897 3330 231 So mußte ich des Lohntages wegen zurück. 5 ½ Std. bis

539 1073 3315 217 auf d. Noto, an seinem Fuße beim Karani Ndonde

525 1228 2507 231 geschlafen. Abds. ein Barappi geschossen.

622 1488 2464 154 31. Aug. Zum Tendag. zurück. Lohnzahlung

719 1676 2766 282 1. Sept: Gräben am Lilahi u. Lilombo hinter

604 1856 3135 284 Kindope besichtigt, darunter den herrlichen „Issasaurus“

618 2016 2951 253 mit 10 Hals-, 9 Rumpf, -, 20 Schwanzwirbeln im

697 2206 2538 217 Zusammenhange u. prächtiger Erhaltung.

841 2396 2765 221 Nachm. d. Affe reißt sich los, die Enten fliehen,

696 2577 2894 179 die Leute hinterher, zünden Feuer an, um

677 2702 2948 218 sie aufzuscheuchen; es entwickelt sich mächtig,

689 2859 2996 223 mehrere Hütten brennen nieder u. im Wind„

655 3011 2880 220 schatten des Tendag. kehrt d. Feuer zurück u.

667 3158 3098 193 kommt auf d. Berg. Abends rings um illumi„

699 3367 317 111 niert

638 3448 3016 183 2 Sept: „Südring“. Janensch in Mtapaia. Mittags

666 3577 3133 253 werden Barappis in d. Nähe gemeldet, ich muß

662 3747 3104 252 hinterher. Nach langem Suchen zum Schuß gekommen,

672 3900 3045 234 aber hoffentlich ohne Erfolg. Bei weiterer Verfol„

697 4133 2544 131 gung 3 Schweine auf einem Platz erlegt.

664 4314 3005 221 3. Sept. In Kindope, auf d. Barrabarra zu einem

667 4468 3120 217 Graben in d. 1.ten Stufe im W. (Mugororo) Sieht nicht

662 4747 2750 70 schlecht aus. Janensch zurück. Poscho.
