4292 5213
3868 294 128 64 49

427 336 3540 157 der jenseits an d. Stelle geführt, wo wir vorigen Dezem„

514 507 3215 179 ber jagten. Wir haben ja dies Jahr so viel große

518 644 3287 231 Feuer dort brennen sehen. Aber prost Mahlzeit:

508 842 3397 200 genau so schauerliches Gras oder was davon übrig, wie

515 1011 3343 231 voriges Jahr. Nur durch Elephantenwege überhaupt

542 1191 3152 224 gangbar. Eine Herde Schweine, sonst nichts trotz

557 1352 3124 238 mehrfacher frischer Ndogolo-Spuren. Über einen.

561 1631 1157 136 mir unbekannten

1636 1536 98 50 l.

1718 1557 2036 134 Nebenfluß des Mbenkuru u.

556 1663 3293 287 diesen selbst (wahnsinnig verwachsenes Flußbett).

587 1855 3276 266 Jenseits ein Mbawalla angeschossen; während wir

568 2009 3363 253 folgten, Barappis gesichtet, die mich dies Jahr grade„

535 2187 3482 222 zu verfolgen. Mbaw. erlegt, dann mit Apparat hinter

561 2373 3454 214 ihnen her. Leider weit abgegangen, es hätte ein Pracht„

587 2618 3257 135 bild gegeben, so photographierte ich wenigstens den

558 2730 3403 206 Rahmen. Gegen 10 zurück. In Kindope hübschen großen

584 2908 3366 217 Blasebalg gesehen: 2 riesige Säcke aus Mbawalla-Fell,

603 3073 3089 207 je eine Bambusröhre in das gemeinsame Rohr

572 3303 585 147 mündend.

742 3391 3025 229 5 Oct. Begonnen den Stegosaurier in Mtapaia zu ver„

645 3643 387 127 packen.

744 3649 3130 258 6 Oct. Janensch nach Mtapaia auf einige Tage, da hier

663 3812 3180 226 jetzt viel Abräumungsarbeiten, die uns etwas ent„

601 3942 3338 239 lasten. Nur die Einpacker verlangen ständige Beauf„

660 4089 3101 233 sichtigung, die natürlich Einer leisten kann. Auch

632 4284 2092 193 wird J. in Mt. einpacken lassen.

835 4383 3114 228 Ich in Kindope. Weg mit Schrittmesser abgemessen, kon„

609 4559 3223 204 statiere aber 20% Fehler. Schädelstück mit nach Haus

658 4693 2475 215 genommen u. ganzen Nachm. praepariert.
