4292 5213
285 268 102 158 90

523 368 3337 129 Lager beim Lingwele zwischen Kikundi u. rechtem Nebenflusse

483 539 3307 152 Nambunju. Nachm. am Kikundi; viel Wasser an einer Stelle,

617 714 3314 149 z. T. fließend. Harte, weiße Kalke über mürben, gelben Sandstein-

562 889 3279 155 Mergeln, letztere in starken Bänken u. kräftig gegen S od. SO ein„

596 1031 3323 189 fallend. Doch dies wohl durch den Wasseraustritt bedingt, da an ande„

555 1220 2054 148 ren Stellen nichts davon zu merken.

686 1354 3249 181 15.I. Mußte einige Träger ziemlich gewaltsam requirieren, hatte in

575 1516 3317 150 d. hiesigen duka Getreide gekauft. Träger direkten Weg (½-3 Std.) zum

589 1675 3246 191 Mtarika (Mündung d. Mtshingiri in Mbenkuru), ich über d. Kikundi

626 1853 3147 172 u. linken Nebenfluß Mtulukilo, in dem mächtige Oolithlage mit

581 2008 3189 170 spärl. Fossilien erschlossen war, durch die Yangwa Bilangaï zur

611 2177 3195 168 Barrabarra. Hätte gern den Minyoka-Rücken gequert, es erwies

591 2312 3313 183 sich aber als völlig unmöglich. Von N. her hatte ich Bilangai oder

616 2465 3124 183 Minyoka für ziemlich hohen u. steilen Rücken gehalten, jetzt

615 2666 3178 135 schien es, als sei ich ohne sonderlichen Anstieg bereits ziemlich

616 2805 3207 147 auf d. Höhe angelangt. Folgte der Barrabarra n. W, wohin sie

605 2945 3338 167 sich bis zum Kikundi senkt, beobachtete wieder Beyschlagi, schwenk„

610 3097 3236 167 te dann im rechten Winkel ab u. ging über den Mbenkuru.

619 3246 3152 159 Im hohen Grase Kiboko-Spuren, sie müssen vom untern Pindiro

611 3388 3134 169 bequem in einer Nacht hierher u. zurück kommen können.

630 3576 3174 128 Von S aus hatte ich den vollen Steilabfall des Minyoka vor

622 3695 3213 152 mir u. schlug d. Lager schon hier auf, um d. Profil zu nehmen

634 3851 2482 161 u. auch, um Getreide nachkommen zu lassen.

751 4018 3140 147 Nachm. auf Minyoka, zu meinem Erstaunen fast eine einzige

629 4172 3216 142 mächtige Folge von Oolithen. Noch mehr erstaunte mich d. Vorkom„

652 4349 3238 118 men regelrechten Nerineen-Gesteins am Fuße, das ich längst

647 4502 3141 138 in d. Tiefe wähnte. Auf d. alleroberste Höhe wegen Busches u.

656 4669 3082 132 mehrere m. hoher Steilabstürze d. festen Oolithmassen nicht

682 4828 3086 134 zu gelangen. Jenseits gleiche Höhe. Der Mbenkuru beißt sich
