4292 5214
3886 193 112 128 75

415 267 3630 186 bereits Beute u. zwar  ein längst ersehntes schönes Gehörn u.

453 418 3472 205 schoß nur auf ein Weibchen, weil unsere Leute gestern

493 579 3590 200 u. heut nur halbe Rationen Mtama bekommen konnten.

720 773 3137 168 Zurückkehrend erfuhr ich mit Erstaunen, bwana Usagara

514 932 3248 183 sei angekommen, eilte zurück u. fand Oberleutnant

492 1108 3248 219 Winterer vor, mir noch unbekannt; er konnte nicht

531 1254 3307 238 bleiben, so begleitete ich ihn ein Stück Weges in der

499 1435 3284 234 Mittagssonne, doch nicht allzuweit aus Prophylaxe.

767 1667 2180 201 10 Dez: Poscho. Abds. Janensch zurück.

666 1829 3296 211 Sonntag d. 11. Dez: Erwarteten die beiden Offiziere

690 2024 3295 228 zu Mittag, erhielten aber Einladung zum Abend in's

686 2233 2978 201 Biwak, das ¾ Std. am Wege nach Lindi auf dem

662 2442 3276 151 Lipogiro aufgeschlagen war. Um 5 dort, malerisches Bild,

632 2638 3217 150 das Verhau ringsum, all d. kleinen Zelte, d. Markt, das

617 2823 3056 157 Gewimmel v. Askaris, Weibern, Trägern, Verkäufern,

679 3007 3209 142 Jumben. Mit d. Offizieren gegessen, ziemlich weit im

602 3167 3190 155 W. zog sich ein Gewitter zusammen, griff dann nach

669 3337 3263 186 S u. O. um sich, fiel in d. Bucht v. Ubolelo ein, über„

643 3506 3272 188 zog d. Namunda u. breitete sich immer weiter

612 3693 3136 162 nach O. aus, bis wir selbst vom starken Regen in's

608 3866 3292 142 enge Zelt getrieben wurden. Gradezu erbärmlich fand ich,

648 4023 3140 140 daß wir selbst den Schwarzen gegenüber die beiden Unter„

642 4178 3073 135 offiziere garnicht kennen lernten u. sie für sich essen

623 4334 2560 149 ließen: Kastengeist über Rassenbewußtsein!

827 4505 2958 139 Bei manchem Trunk bis in die Nacht gesessen, dann bei

634 4653 2884 144 schwachem Mondlicht zurück: um Mitternacht zu Haus!
