4292 5213
3779 185 227 165 153

453 274 3473 209 nachts ein Löwe gehört worden war, nach Namguiche. Auch dies

460 434 3648 205 eine sehr hübsche Erinnerung. Traf Janensch nach 1-stündigem kräftigen

418 530 1440 267 Marsch noch beim Frühstück.

689 664 3369 197 Vorm. da von Knochensuchen keine Rede sein konnte, gemeinsame Pürsche

483 817 3541 215 in einem benachbarten sehr lichten u. vorzüglich durchgebrannten Walde,

466 1024 3455 198 für Jagd fast zu frei, aber eine Erlösung nach all dem Busch.

461 1109 2306 271 Wenig Spuren, schoß ein Warzenschwein.

609 1268 3095 267 Nachm. kamen 2 von Janensch zum Brennen Abgesandte von

513 1482 3545 174 Narungombe zurück, die gestern nicht mehr hatten kommen können:

473 1581 3428 196 Ein Büffel, der seit längerer Zeit das Land unsicher macht u.

492 1687 3379 224 bereits 2 Mann getötet hat, jagte auch sie u. belagerte sie

558 1796 3469 259 von 2-5 auf einem Baum, so daß sie in löwenreicher Gegend

558 1938 3551 249 im Dunkeln Häuser zum Übernachten aufsuchen mußten. Hätten

549 2104 3541 251 wir das früh gewußt! So mußten wir von dem reizvollen

521 2282 2299 258 Kampf m. d. Drachen Abstand nehmen.

799 2437 3136 229 19.VII. Wieder ein Abschied von Janensch, der für Afrika

535 2605 3348 226 leicht endgiltig sein könnte. Wieder durch Busch, dann durch

594 2724 3372 276 hohes Gras nach Kihendye, einzelnes Haus eines Jumben-

529 2848 3459 327 Vertreters. Tüchtig gebrannt, nachm. auf Jagd ohne Erfolg bis auf

538 3023 3349 326 Einblick in d. geolog. Lage. Meine Fundi's brachten vom

562 3228 2266 227 Fuß d. Mbambala Trig. Bornhardti

2118 3345 601 194 schwarzi

2785 3187 1176 257 mit, höchst erwünschte

545 3392 529 252 Auskunft.

797 3488 3065 282 20.VII. Wieder nur kurzer Marsch bis Mawudyi, da ich d.

560 3747 3385 178 Fossilfundpunkt gestern hatte freibrennen lassen u. besuchen

546 3794 3420 335 wollte. Sehr wichtiger Aufschluß, durch den Bornhardt-Müllers

531 3999 3361 292 gesuchter Jura mindestens arg zusammenschrumpft. Außerdem

515 4158 3279 313 guter Überblick über den alten, jetzt von jungen Gewässern

523 4347 3365 232 zerlegten u. angezapften Ausräumungskessel. Dann am Wege

500 4482 3406 226 bis zur Höhe des Mbambala aufwärts, wo New.-Sdst. anstehen,

486 4699 3595 201 die schon Bornhardt sah u. die für d. Absinken der Kreideplateaus
