4292 5213
307 243 249 205 104

527 231 3400 316 Mroweka am Ende des Krieks. Da schon 4 Uhr, muß ich

482 451 3315 274 Lager hier beim Akiden aufschlagen. Das Ufer steigt

492 615 3191 268 steil etwa 40 m. vom Wasser aus an, besteht aber

486 768 3380 284 lediglich aus hellem, rötlichem Sande. Mehrfach Regen.

747 964 3096 273 21.II: Ab über Körner'sche Pflanzung auf neuer

486 1134 3381 272 Lukuledi-Straße stellenweis durch sehr dichten Lianen-

503 1297 3485 239 Busch nach Narunjo (Pflanzung im Lukuledi-Tal, an sumpfi„

544 1430 3339 329 ger Stelle), weiter bis Mtua (Pflanzung von Werneyer),

533 1627 3415 266 hier auf alte Straße, da neue noch im Bau, bis zum

490 1776 3406 281 Jumben von Mtua. An gegen 10½, Lager. Unterwegs

543 1933 3307 221 wenig Regen, aber mittags u. in d. folgenden

539 2099 2908 261 Nacht stärkere Güsse. Es ist auch höchste Zeit!

712 2229 3195 301 Abends ließ ich Sagen erzählen, hatte aber Pech: Ein

580 2417 3381 292 Mmakonde erzählte eine ewige, sehr stupide Geschichte

589 2549 3166 302 eines „Prinzen“. Interessant war höchstens die Art

576 2736 3274 257 des Vortrags, da noch ein Zweiter dazu gehört, der

567 2883 3358 277 bei jeder Sprechpause hâm oder sâna einzuwerfen hat.

569 3033 3161 289 Erst störte ein vorbeiziehender Akide, den ich zum

523 3206 3233 298 Sitzen auffordern u. etwas unterhalten mußte,

564 3331 3343 310 dann ein Überfall durch Beißameisen (siafu), die

571 3505 3131 288 mit Feuer ausgerottet wurden; dennoch Erfolg

565 3711 3399 267 schwach, da ständig neue Tausende heran wimmelten.

708 3874 3081 326 22.II. Marsch von 3 Std. bis Mtamahof Pflanzung

530 4032 3253 239 des Herrn Kaiser, auf alter Straße. Bedeckter Himmel,

477 4198 3420 282 aber kein Regen; im Nyangedi durch reichliches Wasser. Ganz

491 4340 3342 276 wenige Sandsteinreste aus den „Deckschichten“ hervorlugend.

449 4479 3471 287 Haus auf Mtamahof prächtig gelegen. Weiter Blick über das

436 4662 3436 268 breite Lukuledi-Tal, sowie auf- u. abwärts. Im Vordergrunde
