4292 5213
359 313 148 72 36

774 310 3034 194 18. Aug. Morgens zunächst wieder dem Barappi am

496 460 3349 186 Lilahi nach gespürt, gänzlich vergeblich. 2 starke Löwenspu„

531 645 3204 127 ren, gestern schon eine, stelle daher freilich ohne viel

500 750 3338 187 Hoffnung die Falle in den Weg. Über Lilombo, wo

461 881 3250 214 ich einen Hundsaffen erlegte, nach Kindope. Zu

543 1034 3268 200 den meisten übrigen Gräben. Bei Skelett S scheinen

551 1210 3270 163 mir in d. Tat Schädelknochen herauszukommen, aber

534 1358 3216 178 eigentlich Enttäuschung, da verstreut, zerbrochen u.

590 1554 1000 145 nicht vollständig.

870 1692 2918 113 Papagei, der anscheinend noch nicht selbstständig

621 1819 1954 149 fressen konnte, eingegangen.

817 1938 2944 236 19 Aug. Morgens die Falle besichtigt, nichts. Da noch früh u.

598 2151 3101 194 bedeckt, wollte ich, obwohl ohne Getränke, versuchen, den

597 2322 3129 193 Graben in Kijenjere zu besichtigen. Am Lilahi-Graben

615 2491 3188 164 vorbei gegen das Anwesen des Liwengwa zu. Schwach aus„

624 2651 3052 168 getretener Weg durch freilich niedriges Gras. Trug d.

626 2794 3073 191 Gewehr nicht selbst, um etwa aufspringendem Wilde

706 2948 3100 196 Zeit zum Entkommen zu lassen u. mich nicht aufzu„

687 3120 3029 182 halten. Da sah ich unter einer Baumgruppe auf einem

656 3274 3047 162 Hügel einen schwarzen Schatten schräg aufwärts geneigt,

753 3452 2837 110 wie ein gefallener Baumstamm. Nur bisherige Er„

676 3567 2992 194 fahrungen ließen d. Vermutung an ein Barappi

690 3704 3043 205 aufkommen. Doch blieb alles trotz unsers Geräusches

682 3847 3070 212 unbeweglich u. ich wollte eben weiter gehen, als ich

712 4023 3067 198 einen Schwanz sich bewegen sah. Nun schoß ich u.

715 4188 2910 182 traf, sah aber eine ganze Herde abspringen. Nur

697 4346 3072 171 unablässiges Suchen der Blutspur führt uns richtig u.

700 4529 3111 174 nach etwa ½ Std.konnte ich das niedergebrochene Tier er„
