4292 5213
383 249 128 114 94

638 296 2226 160 21. Jan: Ruhetag im lieben köstlichen Lindi

323 459 3666 167 Sonnt. 22. " Vorm. Vorm Boma-Tor aquarelliert. Einen Teil d. Träger zum

666 689 1267 130 Tendaguru zurückgeschickt

667 834 3194 165 23 u. 24. Knochenlasten verpackt. Sehr heiß u. völlig trocken.

762 994 3233 159 25. Abds. Tennis mitgespielt, nach d. Abendessen m. Hrn. Behmer

618 1156 1032 144 bei Wolff's zum Skat.

740 1300 2875 198 26. Abermals Träger abgeschickt, die hier frei werden.

628 1440 3173 178 Morgens über d. Kriek gesetzt, am Strande entlang bis zum Fuß

631 1655 3264 117 des Nundi-Berges, dann einem Tal links hinein folgend

632 1794 3347 134 (Telegraphenweg) u. nach rechts hinauf auf den Mkoko-Berg.

622 1944 3103 157 Ganz kahl u. freie, daher ausgezeichnete Rundsicht, ein

635 2115 3122 134 wenig dunstig. Meine Leute hatten bereits hier u. an

619 2257 3162 152 tieferer Stelle am Strande gesammelt, es handelte sich

621 2435 3265 127 nur darum die Lagerung festzulegen. Über Aufeinander„

646 2593 3138 128 folge u. Trennung der verschieden-altrigen Tertiär„

662 2733 3252 139 schichten leider nichts auszumachen, da alle Hänge ver„

626 2895 3303 147 waschen, bewachsen u. mit Felsblöcken aller Art über„

638 3035 3289 181 sät. Konnte nicht lange bleiben aus Furcht vor dem

641 3207 3196 183 sonnigen Rückweg über den weißen Krieksand. Nur

652 3368 3188 202 die sehr kräftige Seebrise machte ihn erträglich. Um

626 3565 3250 171 12 zurück. Kl. schwarze Schlange, von der die Leute behaupten, sie haben hinten

650 3699 1970 119 einen 2ten Kopf, mit dem sie gleichfalls beiße.

762 3818 2909 118 27. Jan. Kaisers Geburtstag. 8 ½ Versamml. d. Europäer u.

636 3946 3245 168 vieler Schwarzen vor d. alten Schauri-Halle am Exerzierplatz.

643 4119 3277 153 Bez-Amtmann Wendt, obwohl mit Fieber, hält eine Ansprache

631 4286 3298 167 auf kisuaheli, die eigentlich mehr Unterworfenen-Gefühl

670 4450 3227 169 als Begeisterung voraussetzte. Dann Ansprache des Kompagnie-

638 4653 1863 134 Führers an d. Askari u. Parade.

813 4797 2374 117 Anschließend Frühschoppen bei Hrn. Schulze.
