4292 5213
276 312 128 62 66

474 304 3274 162 dann zwischen der Grasebene u. dem Mbalawala entlang.

490 441 3362 177 In Maonga folgte ich jedoch einem schmalen Fußpfade quer über

488 577 3252 173 die Fläche auf die Südseite, in deren gewaltiger Yangwa ich

490 703 3183 176 viel Wild vermutete. Zu meiner Freude stieß ich bald auf

452 850 3145 170 Spuren der so lange vergeblich gesuchten Kudu's, und am

466 988 3244 174 Waldrande einen niedrigen Hügel ersteigend, sah ich dicht vor

508 1126 3285 170 mir ein Weibchen, das ich für Wasserbock hielt. Es äugte scharf

557 1254 3197 175 zu mir hinüber, sodaß ich mich nicht rühren durfte, auch wollte

540 1377 3304 200 ich ein Männchen fassen. Noch 2 Weibchen u. 2 Junge erschienen,

507 1528 3315 196 alle zu mir hinstierend. Ein Tier ging auf mich zu u. langsam

534 1665 3168 205 hob ich die Büchse, damit sie nicht vorzeitig entflöhen. Ich hatte

496 1801 3390 212 nur die schmale Brust als Ziel, traf aber u. sah beim Wenden

533 1944 3354 208 des Tieres anscheinend das Ausschußloch am Blatt. Ich wies daher

534 2097 3096 203 die Leute an, die flüchtige Herde, die weit über eine

561 2260 3088 184 offene Bucht hingallopierte, laufen zu lassen u. das

575 2405 3070 198 angeschossene Tier zu suchen, das ich schon verendet

575 2552 3112 211 glaubte. Ich mußte mich aber bald an d. Blutspur

583 2710 3096 204 überzeugen, daß es mit bei den Flüchtlingen war.

587 2868 2994 197 Im harten Boden war die Spur schlecht zu sehen u.

597 3025 3064 198 Blut nur sehr sehr spärlich geflossen. Meine Begleiter

595 3189 3102 177 verloren gleichwohl die Spur nicht. Nach sehr langer Ver„

565 3344 3134 187 folgung fand ich mich aber in deratig dichtem u. end„

571 3489 3104 201 losen Dornbusch, daß mir kaum klar war, wie eine

592 3634 3174 193 gesunde Antilope ohne Verletzung hindurchkommen konnte,

602 3862 1158 114 geschweige denn ein

1814 3752 640 91 vermeintlich

1760 3809 2041 107 anscheinend schwer krankgeschossenes

606 3946 3132 216 Tier. Ich mußte schweren Herzens abstehen. Die Durchque„

588 4104 3200 202 rung des Ostteils erwies sich als fast unausführbar, wir

601 4261 3125 202 machten daher den ganzen Bogen im Osten herum. Schoß

602 4426 3140 198 nochmals auf 1 Buschbock, verfehlte ihn aber. Am Morgen

620 4608 3139 173 hatte ich ein junges Weibchen (für Riedbock gehalten) er„
