4292 5214
3843 262 114 65 35

361 282 3508 169 ich leider unverrichteter Sache zurückkehren mußte. Der

388 431 3467 186 Zuwachs zur Gehörn-Sammlung höchst willkommen.

423 597 2934 218 Nun fehlt noch Swalla, Wasserbock und Büffel!

622 819 3117 196 15. Aug: Morgens nach Kindope, wo ich mindestens

457 975 3303 214 4 Stegosaurier im Familiengrabe vereint zu zählen

479 1121 3174 203 glaube. Dieser embarras de richesse wird zum

479 1306 3336 165 Fluch. Rippen bei Skelett S 2,50 m. gemessen!

740 1506 3133 127 Nachm. Etwas zum Jesus. Papagei erhalten (kl. Art)

588 1647 3241 239 16. Aug: Neulich besichtigte neue Knochenstelle

618 1845 3103 195 jenseits des Mtapaia (am Nyoya) auszubeuten

529 1996 3400 202 begonnen. Stets durch Pori zu den Außengräben

516 2184 2709 195 im S. Allenthalben schön abgebrannt.

737 2332 3160 173 Nachm. Etwas zum Jesus. Dazwischen tönt frei„

502 2507 3369 173 lich von Zeit zu Zeit: nataka kopa! Regen nahe.

613 2732 3276 149 17. Aug. Morgens Kindope, dann zum Lilombo, um Wasserver„

491 2863 3454 172 hältnisse zu erkunden, da wir den Einwohnern starke Konkur„

483 2989 3237 184 renz machen u. ich kleine Verbitterungen möglichst zu

519 3116 3251 174 vermeiden wünsche: Wir sind ja d. Eindringlinge. Fand

539 3249 3294 189 sehr reichlich Wasser. Dann über den Lilahi zum dortigen

526 3383 3269 199 Graben. Kurz ehe ich ankam, ging rechts ein starkes Ba„

541 3552 3384 188 rappi auf. Konnte 3 mal schießen, ehe es ganz abgal„

537 3716 3349 175 loppierte, freilich in d. freien Gelände auf allzugroße

551 3871 3250 176 Entfernung. Fanden d. Spur nicht gleich, ging daher

568 4040 3311 159 erst schnell zum Graben. Hernach Blutspur gefunden,

555 4205 3326 171 mußte nun also dauernd nach, einmal hatte es sich

619 4373 3068 163 gelegt, dann verloren wir die Spur endgiltig, ich

570 4530 1699 185 mußte gegen 12 nach Haus.
