4292 5214
3726 228 233 178 123

448 247 2754 240 Mit allen Trägern per Bahn nach Mikesse zurück

560 359 3463 256 Auch diesmal keine Post erhalten, aber wenigstens d. Auskunft,

455 506 3013 258 daß sie nach Lindi gegangen ist u. zurückbeordert ist.

579 709 787 281 12 Apr. Briefe

585 829 3268 299 13 „ Aquarelliert. Zum Bahnhof, um Sattler zu holen.

498 1039 3438 180 Er kommt aber erst Mittag. Janenschs Aufsammlungen

553 1189 3227 211 besichtigt, meist nur Gesteinsproben, auf die ich nicht so

547 1312 3421 222 viel Gewicht legen kann wie er; nach meiner Erfahrung

562 1444 2675 256 füllen sie die Museum als totes Material.

599 1581 3197 315 14. Sattler fährt schon wieder ab. Safari vorbereitet.

569 1807 3214 244 15. April. Vor einem vollen Monat hier angekommen.

540 1962 2506 284 Um 10½ mit Bahn nach Ngerengere (22 Mann)

624 2143 3358 280 Gegen Abend ein Stück der Barrabarra von Swate nach„

526 2322 3474 267 gegangen, fand auch hier das v. Sattler östlicher entdeckte fossil„

497 2444 2617 294 reiche Gestein, muß daher hier weiter ziehen.

411 2585 3623 327 Ostersonntag d. 16. Apr: Morgens Bagamoyo-Straße bis zum

492 2746 3429 358 Jäger Fungafunga, der auf beträchtlicher Anhöhe ½ Std. v. d. Bahn

489 2910 3480 317 sehr hübsch wohnt. D. fossilreiche Gestein hier nicht gesehen, aber

515 3057 3245 332 offenbar tiefer als die festen braunen Sandsteine, die in

530 3215 3282 326 großen Platten den Fuß der Höhe (Plateau) bilden. Obere

495 3430 3500 296 Hälfte besteht scheinbar nur aus Sand. Schöner Blick auf's

507 3580 3282 315 Gneißgebiet u. Uluguru-Geb. mit d. weißen Steinhäuschen

514 3761 1897 253 von Ngerengere im Vordergrunde.

735 3857 3252 295 Zurück bis zur Bahnlinie, an dieser entlang bis zur Barrabarra

503 4041 3502 223 von Swate. Bei 147,3 braune Sandsteine mit gröberen Gerölllagen

474 4175 3556 244 (z.T. über faustgroße Gneißstücke); gleich darauf (47,4) plattiger, weicher

480 4320 3252 269 Sandstein mit einzelnen härteren herauswitternden Lagen.

592 4470 3394 220 Am Swateweg hatten 2 fundi's inzwischen reiches Material gesam„

436 4655 3501 263 melt, das ich sichtete. Träger warteten in d. Nähe. Ein Weg führte
