4292 5214
3809 241 188 171 113

351 248 3428 252 Stelle des weiten Waldes nördl. v. Lager getreten ist. Rege

340 392 3463 290 Arbeit, Sattler scheint im Begriff, hier eine Handelszentrale

349 561 3481 294 des Landes u. Niederlassung d. D. O. A. G. zu gründen. Inte„

344 711 3575 320 ressante Einblicke. D. O. A. G. u. O. A. E. G. stehen im Begriffe

371 920 3459 292 eine Landverwertungsgesellschaft zu bilden, bei der

398 1080 3269 293 Sattler eine gute Stellung erwartete. Er weist aber

372 1226 3388 306 m. Recht selbst auf d. bösen Beispiele in Südwest hin.

355 1416 3412 302 Hier hätte nun freilich die O. A. E. G. die Wertsteigerung

403 1567 1811 270 durch eigene Arbeit bewirkt.

590 1791 3220 248 16.III. Morgens auf Aussichtspunkt. Gelesen, ein unglaubliches

451 1964 3437 260 Buch: Memoiren der Schwester Friedrichs des Großen. Pfui diese

431 2147 3513 227 Führer des Volks! Bei keinem Negerhäuptling kann's „schensi“-

447 2347 3572 201 mäßiger zugehen: Ferner Frobenius: „D. schwarze Dekameron“.

522 2464 2369 287 17.III. Vorm. Schamba besichtigt. Gelesen.

487 2655 3547 259 18.III. Jörn Uhl wieder begonnen. Abds 4h m. Hrn. Hausmann

433 2807 3547 215 1½ Std. nach Westen auf Jagdlager gezogen. Unterwegs etwas Regen.

479 3023 3401 241 Sonntag d. 19.III: Auf Jagd, ich nördl., Hr. Hausmann westlich,

441 3151 3494 296 beide fast nichts gesehen u. ohne Erfolg. Aber herrlicher Aus„

455 3348 3401 274 flug: ständig nur kniehohes, nicht sehr dichtes Gras, prächtiger

463 3535 3207 235 lichter Wald mit ziemlich hochstämmigen Bäumen,

446 3626 3387 256 wechselnde Durchblicke auf Gneißberge aller Formen

466 3810 3119 269 u. meilenweit mit d. Wild allein in dieser

407 4000 2618 286 Schöpfungspracht. Bleiben noch eine Nacht.

684 4195 3261 283 Nachm. Gemeinsame Streife, wieder ohne jeden Erfolg,

448 4367 2539 283 tüchtig eingeregnet. Abd. Scheibenschießen.
