4292 5213
290 375 175 57 32

604 295 3159 213 der Mitternachtssonne. Dazu die winterlich entlaubten

605 439 2977 212 Äste u. Zweige! Morgens im Walde eine prachtvolle

585 602 2192 196 Harmonie in Graublau u. Blaugrau.

833 771 2749 197 5. Wieder Landwind u. dunstig. In Kindope

604 921 3246 201 handelt es sich offenbar wieder um mehrere Exempla„

596 1052 3240 230 re, anscheinend nicht alle Stegosaurier. Erhaltungszustand

574 1222 3228 234 ideal. Einiges gezeichnet. In andern Gräben signiert u.

577 1371 3158 214 neu eingetretenen Wangoni Unterricht im Schaufeln

583 1605 548 134 gegeben.

815 1677 2984 233 6. Im Mbenkuru-Tal an unserm Plateaurande u.

612 1813 3211 233 östlich von uns längs des ganzen Lipugiro gewaltige

630 1947 2845 213 Feuer, die hoffentlich gut aufgeräumt haben.

846 2116 1944 163 Poscho-Zahlung. Post noch nicht.

536 2288 3245 277 Sonntag d. 7.VIII: Vorm. Auf Barappi-Jagd zwischen Maimbwi u.

596 2450 3177 331 Namajani. Das Gebiet in einer riesigen 8 durchstreift,

621 2644 3294 294 ohne von den Tieren etwas zu sehen; es sollen jetzt 2 Herden

586 2786 3171 326 sein. Mehrere kleine Antilopen u. Schweine sichtbar, schoß

636 3062 1688 173 ein Ngorombwe. Post.

815 3119 2816 298 Das gestrige Feuer brennt die ganze Nacht u. d. Tag

555 3259 3076 328 über weiter u. zieht über die barrabarra bis nach

556 3608 478 147 Mtapaia.

875 3592 2941 299 8.VIII: Morgens am Graben im Maimbwi-Tal, dann den

623 3763 3147 293 Fluß aufwärts, in dem beide Zwischenstufen durch Ab„

585 3905 3306 308 stürze u. Wasserstellen ausgezeichnet sind. Mehrfach Knochen.

601 4079 3310 283 Aufenthalt der Barappis entdeckt, wenn auch d. Tiere nicht

614 4230 3285 316 selbst gesehen. Flußlauf überraschte mich sehr durch Länge.
