4292 5213
3709 212 233 181 119

450 236 3289 194 28.III. Ruhetag im Lager. „Leonardo da Vinci“ von

419 394 3581 196 Mereschkovski gelesen. Es giebt von dem Gewaltigen

433 599 3549 159 einen minder großen Begriff als Chamberlain, aber

453 709 3426 271 es stellt ihn in sein Milieu. Auch „Jörn Uhl“ noch

440 899 611 217 einmal.

530 1018 3245 310 29.III. Hätte gern d. Tag mit Mama wieder

528 1239 3462 243 Zusammen verlebt. Janensch noch immer nicht

482 1365 3445 303 zu meinem Ärger. Auch d. letzte Europa-Post fällt.

470 1615 379 184 aus.

610 1654 3324 255 30.III. Um mir nur Bewegung zu machen, Hrn.

484 1848 3516 281 Hausmann durch d. Schamba begleitet. Von Malen

500 2011 3310 247 keine Rede, da ständig Wolken an den Bergen.

593 2248 2579 205 Sattler zurück. Nachts starker Regen.

547 2418 3262 181 31.III. Lohntag. Fragte Ali, ob er denn nun, wie er vor

549 2536 3205 198 d. Strafe erklärte, gehen wollte: „es geht heut grade kein Zug

556 2671 1901 183 nach Daressalaam“ war die Ausrede.

502 2871 630 268 1 April:

851 2810 309 153 Nachm:

1085 2801 2962 306 Um nicht müßig zu sitzen u. möglichst Fleisch zu Voertmann's

551 3035 3488 177 Besuch zu schießen, auch um nochmals Kudu's zu suchen, wiederum

553 3167 3225 259 1½ St. nach W. in d. schöne Revier gezogen. Sah noch am Abend

541 3226 3262 274 mehrfach eine Kongoni-Herde u. kam 6 mal zu Schuß, aber

554 3431 3444 209 erstaunlicherweise augenscheinlich ohne d. geringsten Erfolg; auf Jagd

510 3523 2008 271 ist mir das lieber als ein halber.

629 3645 3185 301 1.IV. Weit durch den Wald gezogen, vielfach auf frischen

526 3825 3542 298 Spuren, auch von Kudus, aber erst gegen 9 eine Kongoni-Herde

501 4010 3510 207 aufgescheucht. Ich konnte einen Schuß abgeben u. war meiner

544 4138 3529 302 Sache gewiß, fand aber nur starke Blutspur, auch Knochensplitter.

515 4343 3556 189 Nun greuliche 3-stündige Verfolgung des schwer durch  Ellenbogen„

498 4428 3391 324 gelenk getroffenen Tieres, eigentlich ein zu-Tode-hetzen. Denn

511 4601 3369 289 es sprang mit seinen 3 Beinen jedesmal wie ein gesundes

471 4737 3326 263 schon weit vor uns auf, durch Dickicht, Wasserläufe u. starkes Gras.
