4292 5213
330 229 219 268 108

530 245 3353 359 scheinbar meist verlassenen Hütten unter schönen

556 378 3369 357 Mango-Kronen vorbei, vereinigte sich kurz vor

595 536 3101 371 einem Bachübergang mit der Hauptstraße vom

596 738 3238 340 Rondo her, dann durch schönen, hohen, lichten Wald

634 919 3222 291 mit nicht sehr hohem Grase, über den Milola dicht

624 1087 3249 325 über seiner Mündung, endlich mit der Straße

635 1248 3307 316 von Naholo her zu der neuen Siedelung am

613 1415 3133 312 Lutamba, hübsch auf einer Höhe gelegen.

645 1607 3036 305 Gegen 11 beim Jumben. Der letzte Träger kam

638 1810 3206 217 erst nach 1 zitternd u. ohne Last: er war von

663 1945 3216 279 einer Schlange gebissen worden. Meine Bemü„

618 2115 3080 312 hungen hatten vollen Erfolg, denn sein Ver„

595 2258 3217 312 trauen zum Europäer siegte über die Furcht

593 2405 3130 305 vor dem Tode — u. in dieser bestand seine

619 2564 3019 306 einziges Unheil. Abends auf der hübschen

618 2778 3261 276 kleinen Insel. Ein herrliches Fleckchen Erde, für

627 2901 1690 320 Afrika gradezu eine Oase.

339 3062 3380 346 Sonntag d. 26.II: Marsch nach Nguapa, ca 3 Std. Fand dicht über

703 3259 3206 303 d. Lutamba -See Saurierschichten u. weiße Sandsteine,

703 3446 2108 280 die wohl hinein gehören mögen.

883 3553 2862 333 Nachm. Auf d. Liwengula gestiegen: nichts als

663 3746 3199 283 immer derselbe Sand, Bornhardt's Deckschichten.

653 3926 3244 285 Beim Abstieg dann auf einmal freiliegende Tone

688 4076 3111 287 mit allerlei Blocküberstreuung wie zwischen

679 4231 3036 221 Lutende u. Nanembo. Am Fuße eine auffällige

659 4398 3328 311 Grasebene von Hügeln eingefaßt. Kein Wild gesehen.
