4292 5213
316 363 168 63 30

572 270 3102 219 die ganze Mannschaft hineinsetze. Wieder ohne Weg zum

554 387 3285 224 Zelt. Hier einen Büchsenschuß entfernt sind nachts zahlreiche

621 512 3168 265 Barappis in d. Baumwolle gewesen! Ich hätte sie morgens

557 699 3192 246 sehr schnell einholen können. Da sie parallel dem Rück„

586 882 3327 228 wege zum Tendaguru abgegangen waren, ging ich nachmittags

598 1034 3242 251 ohne allzuviel Hoffnung nach. In dichtestem Grase scheuchten

617 1183 3113 257 wir sie auf. Bald darauf sah ich wieder eins stehen,

571 1328 3102 280 schoß auf etwa 120-130 m. u. erlegte es glücklich, leider

627 1502 3258 254 war es ein recht junges Tier. Nachdem wir die andern

604 1649 3115 287 vergeblich in's hohe Gras verfolgt hatten, hielten wir

657 1811 3102 290 die Träger auf dem nahen Wege an. Zurück zum

609 2023 1754 264 Tendaguru. Etwas Regen.

730 2158 3145 289 27. Juli. Vorgestern wieder 50 Wangoni eingetroffen,

602 2324 3273 283 da nicht genug Geräte, heute 33 mit Knochenlasten nach

604 2508 2165 273 Lindi geschickt. Jetzt über 400 Mann.

731 2692 3009 264 30. Vom Graben im Bolachikombe-Bach zu einer im

622 2849 3105 276 Vorjahr gesehenen Knochenstelle der zweiten Stufe im

633 3038 3002 249 Maimbwi-Tal. Zu meiner Freude schon gut abge„

605 3246 2599 198 brannt. Nachm. Lohn- u. Poscho-Zahlung.

889 3463 1009 154 Briefe beendigt.

715 3584 3130 227 Sonntag d. 31. Juli: An Erna's Geburtstag heut früh

622 3748 3072 275 über d. Barrabarra in's Mbenkuru-Tal hinunter.

698 3884 3135 288 Trotzdem wir schon mehrfach haben brennen lassen,

645 4075 3170 252 komme ich nicht hinein u. muß nach vielen Vorstö„

647 4248 3090 222 ßen, die mich bis Kindope führten, etwas ärgerlich

641 4421 3224 205 abstehen. Gehe über den Mtapaia nach Osten, finde aber

622 4640 1058 157 auch dort nichts.

914 4773 2695 139 Abend. Janensch die neue Knochenstelle gezeigt.
