<?xml version="1.0" encoding="UTF-8"?>
<alto xmlns:xsi="http://www.w3.org/2001/XMLSchema-instance"
      xmlns="http://www.loc.gov/standards/alto/ns-v2#"
      xmlns:page="http://schema.primaresearch.org/PAGE/gts/pagecontent/2013-07-15"
      xsi:schemaLocation="http://www.loc.gov/standards/alto/ns-v2# http://www.loc.gov/standards/alto/alto.xsd">
   <Description>
      <MeasurementUnit>pixel</MeasurementUnit>
      <OCRProcessing ID="IdOcr">
         <ocrProcessingStep>
            <processingDateTime>2021-02-02T10:01:51.485+01:00</processingDateTime>
            <processingSoftware>
               <softwareCreator>READ COOP</softwareCreator>
               <softwareName>Transkribus</softwareName>
            </processingSoftware>
         </ocrProcessingStep>
      </OCRProcessing>
   </Description>
   <Layout>
      <Page ID="Page1" PHYSICAL_IMG_NR="1" HEIGHT="5213" WIDTH="4292">
         <TopMargin HEIGHT="0" WIDTH="4292" VPOS="0" HPOS="0"/>
         <LeftMargin HEIGHT="5213" WIDTH="0" VPOS="0" HPOS="0"/>
         <RightMargin HEIGHT="5213" WIDTH="0" VPOS="0" HPOS="4292"/>
         <BottomMargin HEIGHT="0" WIDTH="4292" VPOS="5213" HPOS="0"/>
         <PrintSpace HEIGHT="5213" WIDTH="4292" VPOS="0" HPOS="0">
            <TextBlock ID="r1" HEIGHT="4156" WIDTH="3754" VPOS="259" HPOS="243">
               <Shape>
                  <Polygon POINTS="243,259 243,4415 3997,4415 3997,259"/>
               </Shape>
               <TextLine ID="line_1570539042519_611"
                         BASELINE="371"
                         HEIGHT="164"
                         WIDTH="235"
                         VPOS="207"
                         HPOS="336">
                  <String ID="string_line_1570539042519_611"
                          HEIGHT="164"
                          WIDTH="235"
                          VPOS="207"
                          HPOS="336"
                          CONTENT="142"/>
               </TextLine>
               <TextLine ID="line_1570539027586_605"
                         BASELINE="527"
                         HEIGHT="297"
                         WIDTH="3391"
                         VPOS="230"
                         HPOS="418">
                  <String ID="string_line_1570539027586_605"
                          HEIGHT="297"
                          WIDTH="3391"
                          VPOS="230"
                          HPOS="418"
                          CONTENT="14. Juni: Wieder wolkenlos, doch angenehm. Abrechnung für"/>
               </TextLine>
               <TextLine ID="r1l4"
                         BASELINE="728"
                         HEIGHT="306"
                         WIDTH="1016"
                         VPOS="422"
                         HPOS="751">
                  <String ID="string_r1l4"
                          HEIGHT="306"
                          WIDTH="1016"
                          VPOS="422"
                          HPOS="751"
                          CONTENT="Janensch gemacht."/>
               </TextLine>
               <TextLine ID="r1l5"
                         BASELINE="898"
                         HEIGHT="324"
                         WIDTH="3534"
                         VPOS="574"
                         HPOS="424">
                  <String ID="string_r1l5"
                          HEIGHT="324"
                          WIDTH="3534"
                          VPOS="574"
                          HPOS="424"
                          CONTENT="15.VI: Morgens wieder klar, doch schon früh (ca 9h) dunstig wie in"/>
               </TextLine>
               <TextLine ID="r1l6"
                         BASELINE="1076"
                         HEIGHT="335"
                         WIDTH="3283"
                         VPOS="741"
                         HPOS="582">
                  <String ID="string_r1l6"
                          HEIGHT="335"
                          WIDTH="3283"
                          VPOS="741"
                          HPOS="582"
                          CONTENT="d. Trockenzeit üblich (die Grasbrände haben seit etlichen"/>
               </TextLine>
               <TextLine ID="r1l7"
                         BASELINE="1243"
                         HEIGHT="285"
                         WIDTH="1004"
                         VPOS="958"
                         HPOS="604">
                  <String ID="string_r1l7"
                          HEIGHT="285"
                          WIDTH="1004"
                          VPOS="958"
                          HPOS="604"
                          CONTENT="Tagen begonnen)"/>
               </TextLine>
               <TextLine ID="r1l8"
                         BASELINE="1317"
                         HEIGHT="216"
                         WIDTH="2191"
                         VPOS="1101"
                         HPOS="823">
                  <String ID="string_r1l8"
                          HEIGHT="216"
                          WIDTH="2191"
                          VPOS="1101"
                          HPOS="823"
                          CONTENT="Meine Jura-Arbeit vorgenommen."/>
               </TextLine>
               <TextLine ID="r1l9"
                         BASELINE="1538"
                         HEIGHT="314"
                         WIDTH="2858"
                         VPOS="1224"
                         HPOS="457">
                  <String ID="string_r1l9"
                          HEIGHT="314"
                          WIDTH="2858"
                          VPOS="1224"
                          HPOS="457"
                          CONTENT="16.VI. Viel Wolkenbildung, fast regendrohend."/>
               </TextLine>
               <TextLine ID="r1l10"
                         BASELINE="1677"
                         HEIGHT="301"
                         WIDTH="3477"
                         VPOS="1376"
                         HPOS="463">
                  <String ID="string_r1l10"
                          HEIGHT="301"
                          WIDTH="3477"
                          VPOS="1376"
                          HPOS="463"
                          CONTENT="17 „ Poschotag. Post! Von Haus das stereotype „Alles beim"/>
               </TextLine>
               <TextLine ID="r1l11"
                         BASELINE="1827"
                         HEIGHT="218"
                         WIDTH="3345"
                         VPOS="1609"
                         HPOS="561">
                  <String ID="string_r1l11"
                          HEIGHT="218"
                          WIDTH="3345"
                          VPOS="1609"
                          HPOS="561"
                          CONTENT="Alten“. Nun ich will schon zufrieden sein, wenn's nicht"/>
               </TextLine>
               <TextLine ID="r1l12"
                         BASELINE="2033"
                         HEIGHT="299"
                         WIDTH="1567"
                         VPOS="1734"
                         HPOS="537">
                  <String ID="string_r1l12"
                          HEIGHT="299"
                          WIDTH="1567"
                          VPOS="1734"
                          HPOS="537"
                          CONTENT="schlechter wird als früher."/>
               </TextLine>
               <TextLine ID="line_1570539020196_599"
                         BASELINE="2234"
                         HEIGHT="399"
                         WIDTH="3629"
                         VPOS="1835"
                         HPOS="214">
                  <String ID="string_line_1570539020196_599"
                          HEIGHT="399"
                          WIDTH="3629"
                          VPOS="1835"
                          HPOS="214"
                          CONTENT="Sonntag d. 18.VI: Gekommene Zeitschriften studiert. Brief"/>
               </TextLine>
               <TextLine ID="r1l15"
                         BASELINE="2359"
                         HEIGHT="310"
                         WIDTH="2968"
                         VPOS="2049"
                         HPOS="729">
                  <String ID="string_r1l15"
                          HEIGHT="310"
                          WIDTH="2968"
                          VPOS="2049"
                          HPOS="729"
                          CONTENT="an Stremme über rote Böden. Martonne gelesen."/>
               </TextLine>
               <TextLine ID="r1l16"
                         BASELINE="2557"
                         HEIGHT="340"
                         WIDTH="3028"
                         VPOS="2217"
                         HPOS="696">
                  <String ID="string_r1l16"
                          HEIGHT="340"
                          WIDTH="3028"
                          VPOS="2217"
                          HPOS="696"
                          CONTENT="Da morgens Löwen gehört wurden (schon seit dem"/>
               </TextLine>
               <TextLine ID="r1l17"
                         BASELINE="2724"
                         HEIGHT="351"
                         WIDTH="3182"
                         VPOS="2373"
                         HPOS="641">
                  <String ID="string_r1l17"
                          HEIGHT="351"
                          WIDTH="3182"
                          VPOS="2373"
                          HPOS="641"
                          CONTENT="Tage nach Staffs Ankunft, wenn auch mit kl. Pause grade"/>
               </TextLine>
               <TextLine ID="r1l18"
                         BASELINE="2866"
                         HEIGHT="315"
                         WIDTH="3307"
                         VPOS="2551"
                         HPOS="591">
                  <String ID="string_r1l18"
                          HEIGHT="315"
                          WIDTH="3307"
                          VPOS="2551"
                          HPOS="591"
                          CONTENT="in d. letzten Tagen) u. heut zum ersten Mal auch Spuren"/>
               </TextLine>
               <TextLine ID="r1l19"
                         BASELINE="3036"
                         HEIGHT="269"
                         WIDTH="3266"
                         VPOS="2767"
                         HPOS="579">
                  <String ID="string_r1l19"
                          HEIGHT="269"
                          WIDTH="3266"
                          VPOS="2767"
                          HPOS="579"
                          CONTENT="unmittelbar an unserer huhnbesetzten Falle unten auf d."/>
               </TextLine>
               <TextLine ID="r1l20"
                         BASELINE="3188"
                         HEIGHT="228"
                         WIDTH="3337"
                         VPOS="2960"
                         HPOS="590">
                  <String ID="string_r1l20"
                          HEIGHT="228"
                          WIDTH="3337"
                          VPOS="2960"
                          HPOS="590"
                          CONTENT="Barrabarra vorbeiführten, setzte ich abends d. Falle in"/>
               </TextLine>
               <TextLine ID="r1l21"
                         BASELINE="3308"
                         HEIGHT="251"
                         WIDTH="3360"
                         VPOS="3057"
                         HPOS="590">
                  <String ID="string_r1l21"
                          HEIGHT="251"
                          WIDTH="3360"
                          VPOS="3057"
                          HPOS="590"
                          CONTENT="d. Weg selbst. Noch gebe ich d. Hoffnung nicht auf, Löwen"/>
               </TextLine>
               <TextLine ID="r1l22"
                         BASELINE="3544"
                         HEIGHT="333"
                         WIDTH="3323"
                         VPOS="3211"
                         HPOS="576">
                  <String ID="string_r1l22"
                          HEIGHT="333"
                          WIDTH="3323"
                          VPOS="3211"
                          HPOS="576"
                          CONTENT="auch außerhalb Europas zu sehen. Abds. hörte man es"/>
               </TextLine>
               <TextLine ID="r1l23"
                         BASELINE="3661"
                         HEIGHT="294"
                         WIDTH="2237"
                         VPOS="3367"
                         HPOS="564">
                  <String ID="string_r1l23"
                          HEIGHT="294"
                          WIDTH="2237"
                          VPOS="3367"
                          HPOS="564"
                          CONTENT="wieder von d. Lindi-Straße her."/>
               </TextLine>
               <TextLine ID="r1l24"
                         BASELINE="3866"
                         HEIGHT="279"
                         WIDTH="2817"
                         VPOS="3587"
                         HPOS="794">
                  <String ID="string_r1l24"
                          HEIGHT="279"
                          WIDTH="2817"
                          VPOS="3587"
                          HPOS="794"
                          CONTENT="D. Akide hatte sich f. heut angesagt u. ohne mein"/>
               </TextLine>
               <TextLine ID="r1l25"
                         BASELINE="4018"
                         HEIGHT="263"
                         WIDTH="3125"
                         VPOS="3755"
                         HPOS="550">
                  <String ID="string_r1l25"
                          HEIGHT="263"
                          WIDTH="3125"
                          VPOS="3755"
                          HPOS="550"
                          CONTENT="Wissen hat er auch die Jumben herbeordert zum"/>
               </TextLine>
               <TextLine ID="line_1570539008747_593"
                         BASELINE="4155"
                         HEIGHT="267"
                         WIDTH="3258"
                         VPOS="3888"
                         HPOS="595">
                  <String ID="string_line_1570539008747_593"
                          HEIGHT="267"
                          WIDTH="3258"
                          VPOS="3888"
                          HPOS="595"
                          CONTENT="Verpflegungsschauri. Einer der Fürstlichkeiten (Karani) mußte gele„"/>
               </TextLine>
               <TextLine ID="r1l28"
                         BASELINE="4313"
                         HEIGHT="241"
                         WIDTH="3409"
                         VPOS="4072"
                         HPOS="610">
                  <String ID="string_r1l28"
                          HEIGHT="241"
                          WIDTH="3409"
                          VPOS="4072"
                          HPOS="610"
                          CONTENT="gentlich seiner Antrittsvisite Prügel bekommen. Erwünschte Proviant„"/>
               </TextLine>
               <TextLine ID="r1l29"
                         BASELINE="4483"
                         HEIGHT="241"
                         WIDTH="560"
                         VPOS="4242"
                         HPOS="616">
                  <String ID="string_r1l29"
                          HEIGHT="241"
                          WIDTH="560"
                          VPOS="4242"
                          HPOS="616"
                          CONTENT="begleitung."/>
               </TextLine>
            </TextBlock>
         </PrintSpace>
      </Page>
   </Layout>
</alto>
