4292 5213
3906 250 124 57 51

413 305 3514 75 Leute mit Äxten u. Buschmessern voraus. An den Anstiegen

429 415 3500 141 rechte Schinderei, aber die Leute, die erst alle möglichen

438 567 3428 134 Bedenken haben, sind, wenn einmal unterwegs, sehr

465 739 3339 130 fidel. Um 1 ½ glücklich am Nanditi beim Mchwangachwanga

470 890 2879 145 angelangt, wo mein Zelt bereits aufgeschlagen.

648 1053 3405 162 Nachm. auf Barappis, die nachts in d. Schamba gewesen waren,

521 1226 3467 142 nach W auf den Namunda zu. Barrabarra bis zu einer aus dem

580 1379 3357 158 roten Nkanga-Konglomerat gebildeten Höhe, die durch Ober„

585 1512 3352 199 lauf des Kiliamanda vom Namunda getrennt ist. Dann

598 1684 3399 198 links ab in sehr bergiges u. mit fürchterlichem Busch u. Gras

571 1837 3456 197 verwachsenes Gelände. Schoß nur auf Perlhühner u. auch das

602 2040 2215 158 in dem dichten Gezweig ohne Erfolg.

730 2183 3151 204 13. Oct. Route bis Noto-Jumben aufgenommen. Nur beim

601 2327 3229 195 Karani-Ndonde Unterbrechung, um auf Wild in d. schönen

566 2480 3450 185 Revier zu fahnden. Sah nichts, auch kaum Spuren; ich fürchte

564 2629 3329 199 v. Eckenbrecher hat bereits stark dezimiert u. das Übrige

570 2774 3469 216 ist geflohen. Um 12 auf Noto. Es war heiß u. ich etwas müde,

579 2914 3418 233 so daß ich zuerst Mittagsrast machte, obwohl mir d. Jumbe

607 3076 3290 217 erzählte, seit Nacht säße ein Leopard in d. Falle u. ich

587 3248 3310 226 d. Tier gern schneller erlöst hätte. Da Boten meldeten,

595 3403 3287 225 er sitze noch fest, ging ich gleich nach Tisch ca ¾ Std. zu

605 3565 3454 214 der Stelle auf einer der vorspringenden Nasen im dichtesten

619 3738 3346 189 Busch. Nur von 2 Seiten konnte ich heran, u. da ich in d. Kopf

650 3918 3325 137 nicht schießen wollte, hatte ich schlechte Rückenansicht. Doch saß

596 4018 3162 227 die Kugel glücklicher als beabsichtigt, sie durchschlug das

602 4184 3183 214 Rückgrat u. drang in d. Vordertatze ohne ein Ausschußloch

619 4352 2742 173 zu reißen. D. Tier war fast augenblicklich tot.

741 4469 3042 182 Schöner Blick in d. Kessel, in dem ziemlich tief eine Quelle

639 4614 3316 191 unter dem Plateaurand hervorkommt. Deutlich die Abstürze der
