4292 5213
251 251 150 83 56

376 250 3550 179 wo die Breccie abermals in gleicher Höhe anstand („110-120 m“ um

419 425 3502 140 715h, Nambawalla: „100-110 m“ um 830h, Nemba „130 m“ um 6h) bei

397 538 3480 197 Normal: 762 mm.) Da am Namunda-Namgura unter jenem roten

391 693 3492 215 Konglomerat sofort die „Tendag.-Stufe“ zu folgen scheint, wäre

423 846 3290 223 ein Vergleich wichtig. (Höhe d. Nemba: „170“, d. Tendag. „160 m“)

419 1007 3383 226 Am W-Fuß des Nemba fand ich auch in ziemlich hoher Lage ein

403 1130 3278 243 Stück Kieselholz, nebst dichtem, quarzitischem, weißen Sandstein.

414 1268 3470 275 In d. roten Konglomerat auffallenderweise ein gerundetes Geröll

412 1408 3496 278 von Newala-Sandstein, dem höheren Horizont, wie ich meinte?

428 1559 3338 247 Der Weg führte im ganzen nach W, stets die von links u. rechts

473 1734 3378 218 hereinschneidenden Erosionsbuchten auf der Wasserscheide umgehend.

455 1880 3433 271 Ein gleich großer, von links heraufkommender Weg führte dann

507 2057 3155 259 die Route nach NW. Hier lagen weiße Brocken eines feinen

487 2228 3390 224 Sandsteins oberflächlich, wohl eine Schicht aus dem Makonde-Schichten-

494 2401 3250 201 Verbande. Der ganze Westteil des Rückens mit sehr zerstreut

471 2590 3233 167 liegenden Hütten heißt Mikonge (nicht Mkonga). Hübsches Bild

475 2735 3257 194 einer ruhig in nahen belaubten Baumkronen sitzen bleibenden

440 2879 3330 201 Schar Meerkatzen. Am W-Ende Hütten mit Mango's, prächtiger

444 3049 3240 199 Blick in d. weiten oberen Kessel, gezeichnet. Steil hinab

484 3209 3256 166 zum Jumben in Namgaru. Von d. Kohlenfunden nirgends die

524 3360 3258 191 geringste Nachricht. Man behauptete, sie seien Wamachinga u. beim

538 3525 3233 197 Aufstand in das vorher von Wamuëra besetzte Tal hineingekom„

540 3656 3202 202 men; dem steht gegenüber, daß schon die ältere Karte Wama-

523 3881 947 126 chinga verzeichnet.

758 3962 3016 197 Über den Namgaru zum Likonde hinauf, ca 240 m. (90-330)

545 4137 3292 154 Vom Flusse an u. im Bett selbst große Blöcke löchrig zerfressenen Ge„

538 4254 3230 136 steins, beim Anschlagen erstaunt, nicht Kalk, sondern Newala-

476 4392 3261 176 Sandstein zu finden. Es verfolgte mich denn auch bis zum An„

495 4523 3339 198 stehenden dicht unter der Höhe, wo einzelne gewaltige Felsen

498 4681 3288 164 malerisch hervorsprangen. Zwischen gewaltigen Blöcken zwängte
