4292 5213
268 243 292 166 132

541 292 3388 290 ohne Druck von oben gut gesäuberten Wege in u. zwischen

534 445 3346 298 den Schamben. Auch d. Felder selbst gut gereinigt, aber die

519 627 3307 284 Häuser oft äußerst mangelhaft oder defekt. Schon um 9

556 812 3371 248 zurück. Allerlei Beschäftigung im Zelt, da weder Geologisches

548 951 3393 220 noch Jagd in d. Nähe. Außerdem von 12½ ab reichlich Regen.

710 1147 3287 259 25. April. Morgens wie auch nachts Regen, daher gewaltig schmutzig.

562 1303 3362 215 Gott sei Dank, daß ich da herauskomme!. Marsch längs der Bahn

562 1402 3402 308 (ich meist auf d. Schienen balancierend) 4 km bis Station „Msua“

597 1566 3297 292 ein Fluß, der hier nicht vorbeikommt, u. ein Ort an diesem,

594 1697 3296 299 der mindestens 30 km. entfernt liegt; aber es führt ein

536 1857 3408 330 Weg von hier dorthin! Die Zeit bis 2 Uhr verging, obwohl

564 2012 3332 276 man sich in dem Sumpf u. immer wiederholtem Regen

544 2201 3389 253 nicht rühren konnte, erstaunlich schnell. Im Zuge auch Sattler,

516 2358 3303 277 zusammen nach Daressalaam (muß Preise von Kitugallo

526 2518 3358 282 bezahlen!) Am Bahnhof erwarten uns Janensch u. Voertmann

494 2653 3412 323 letzterer mit einer Einladung zum Abendbrot. Gehe sehr gern

493 2780 3350 333 zu ihm, aber jetzt wahnsinnige Eile beim Umziehen. Außer

511 2990 3397 260 Sattler noch einige Herren dort. Kalte Ente u. gutes Essen, wie ja

517 3169 2231 301 bei Voertmann selbstverständlich. Sehr müde.

644 3315 3267 237 26. April. Nachm. Kempner aufgesucht. Abends außer ihm noch Sattler

543 3453 3232 310 u. als Janensch's Gast ein Hr. Bühl von d. Bank bei uns zum

548 3629 3301 279 Essen u. Geburtstagsbowle, da Sattler morgen schon wieder

568 3771 2755 292 fortmuß. Voertmann kam noch ganz zum Schluß.

625 3876 3247 302 27. April. 3ter Geburtstag in Afrika. Morgens Spaziergang am

505 4058 3382 257 Strand u. in den Anlagen (Versuchsgarten), wo mich eine Schar

531 4189 2874 303 garnicht scheuer tumbili's belustigte. Besorgungen.

552 4348 3173 273 Abends: Richter im Hotel angetroffen, mit ihm eine Fl. Wein;

486 4516 3109 265 wieder erst um 12 zu Bett. Dies unsolide Großstadtleben!

604 4645 3172 289 28. Apr. Nach Tisch. Schach m. Janensch. Abends Beide bei
