4292 5213
270 363 86 59 88

491 310 3394 166 11. Januar. Morgens Abmarsch nach N. In Mtapaia die Schichten„

528 489 3372 167 folge noch einmal beobachtet, da Nerineen in großer Anzahl

486 652 3221 163 in höhere Schichten heraufzugehen scheinen. Routenauf„

492 817 3310 165 nahme zum Anschluß bis in's Lager beim Jussuf Manga in

457 1007 3364 168 Nautope, direkt am Mbenkuru. 5 Std. Marsch, aber höchst ange„

461 1152 2683 172 nehme Luft, vollständiges Trockenheitswetter.

550 1310 3355 160 Nachm. auf Wasserböcke weiter östlich. Im frischen kniehohen

537 1488 3053 154 Grase zeichneten sich ihre Wege ab. Bald hatte ich ein

553 1651 3267 145 schönes Männchen schwer angeschossen, aber leider eine

534 1815 3218 150 lange schwere Verfolgung, bis das arme Tier mir im

537 1967 3089 168 Mbenkuru- Bett zum Opfer fiel. Im Grase seiner

560 2130 2099 163 Spur folgend wurde ich ganz blutig.

634 2350 3255 166 12.I. Früh über den Fluß, wo gestern hübsche Versteinerun„

570 2527 3041 159 gen gefunden waren, konnte leider nicht mehr den

556 2702 3102 169 direkten Weg über die Büffelstelle zum Mto Nyangi

564 2854 3198 158 gelangen, da d. Gras zu hoch. Auf Umweg über Itukuru.

581 3026 3217 168 Träger voraus nach Makumba. Stieg vorsichtig zum Wasser ab,

528 3194 3263 164 da wir die Nilpferde hörten, wollte zunächst photographieren,

526 3341 3345 209 da plätschert es dicht unter uns: ein Krokodil, es war bald

529 3533 3257 181 meine Beute. Dann an seichter Stelle durch's Wasser am

570 3683 3230 185 linken Ufer entlang. An freier weiter Wasserfläche die

524 3839 3225 215 Kiboko's; sah lange ihrem Spiel zu, dann ritt mich doch

556 4012 3213 190 wieder der Mordteufel, ich schoß zweimal; beide Tiere

545 4187 3256 172 verschwanden spurlos, die anderen tauchten, als sei nichts

570 4368 3154 180 geschehen, weiter auf u. ab. Nach Makumba. Bezog hier

566 4528 3270 164 Lager des Kiboko's wegen. Nachm. jenseits auf Jagd, schoß

585 4696 938 83 einen Wasserbock.

727 4777 2797 131 13.I. Früh über d. Mbenkuru nach Niongala, wo ich
