4292 5213
235 259 108 54 68

390 275 3429 136 Mehrfach über Täler u. „Nasen‟, am Quellende des Nossa auf schmaler Ver„

390 402 3552 141 bindungsbrücke auf dem Itukuru, an dessen Randhange in ca 50-70 m. Höhe

392 542 3470 138 (bei Normal 762 mm!) hin, endlich scharf hinab über harte, rote Bänke

376 674 3446 177 ― u. unvermutet stand ich bereits um 7 vor dem Kiboko-

339 784 3401 193 Wasser, von dessen Nähe mir die sehr törichten Führer nichts ge„

399 949 3466 188 sagt hatten oder selbst nicht wußten. Ein bezauberndes Tropen„

398 1081 3461 195 bild: ein stilles Gewässer unter dichtem hohem Laubdach, herrliche

419 1230 3450 204 Baumkronen grade aus d. Wasser aufsteigend u. seltene Wasser„

432 1373 3343 200 vögel dazwischen huschend. Natürlich hatten sich d. Nipferde,

445 1507 3382 203 falls sie da waren, bei unserm geräuschvollen Kommen

405 1644 3448 202 verzogen. Die Quelle des Nyangi bricht mit auffallend star„

466 1785 3370 196 ker Strömung unmittelbar aus d. Fuß des Itukuru hervor

460 1911 3425 230 u. zwar seltsamerweise unter d. harten roten Sandstein„

473 2070 3239 205 bänken. Nach wenigen Metern erweitert sie sich zu

483 2210 3244 182 dem Teich-artigen breiten wassererfüllten Flußbett, das

493 2346 3390 189 den Oberlauf des Makumba  darstellen soll. Photographiert.

473 2479 3180 237 Einige Regentropfen. Aus d. Quelle getrunken, aber enttäuscht, da

516 2647 3084 218 lauwarm. Ihre Entstehung ist mir durchaus nicht klar. Keine

505 2785 3156 232 Anzeichen eines verdeckten Inselberges aus Gneiß oder von

508 2923 3227 223 Verwerfungen u. dgl. Gesteine am Itukuru-Rand freilich unbe„

520 3059 2195 213 kannt, keine Saurierschichten zu bemerken.

587 3195 3040 211 Wollte nun über d. Mbenkuru nach Kijenjere, aber meine

459 3319 3212 210 „Führer‟ ließen mich im Stich. Ob nicht Schamben in d. Nähe seien?

521 3471 3282 194 Nein, wir müßten bis Liala denselben Weg zurück. Das wollte

515 3618 3296 207 ich vermeiden u. ging in's Ungewisse. Zunächst nach wenigen

476 3747 3345 231 Schritten natürlich Schamben, freilich verlassen, doch war erst in

495 3900 3298 212 diesem Jahre Mtama geerntet. Wasserböcke, einen (leider wie„

506 4047 3315 228 der kein Männchen dabei) angeschossen u. lange talabwärts

499 4249 3283 195 verfolgt, wo ich ihn gegen 9 erlegen konnte. Nun sollten

501 4394 3255 189 Leute als Träger vom Itukuru geholt werden. Inzwischen

489 4559 3306 191 f wollte ich mit Ali u. 1 Mann allein vorangehen. Wir

577 4699 3106 191 folgten einem Pfade, der in u. anscheinend über den
