4292 5213
3704 183 332 241 101

437 242 3487 336 6.II. Weiter talab 2½ Std. bis Ndumbwe, stellenweise durch un„

471 475 3588 218 endlich malerische Bananen-Niederungen, ein echt tropisches

467 661 3441 226 Bild. Kurze Rast, dann über Ssudi-Kriek-Ende auf Plateau„

445 852 3510 226 fläche aus roten Sanden, am andern Abstieg nach Mbuo zeigten

395 965 3633 328 sich aber die Korallenbänke darin. Regen. Konnte in Mbuo nicht

403 1175 3385 217 bleiben, da für Leute nichts zu essen trotz der duka,

407 1275 3408 317 auf die ich mich verlassen hatte. Etwas gefrühstückt, über

426 1477 3331 280 Mittag nach Mikindani; Strammer Marsch bis 1 Uhr. Die

418 1588 3590 382 gleiche Fläche aus roten Sanden, in denen ich nur Verwitte„

421 1798 3331 257 rung der tertiären Kalke erkennen kann, womit

460 2027 3399 244 freilich noch längst nicht alle Fragen gelöst wären.

438 2099 3556 320 Zelt am Zollschuppen aufgebaut. In der Usagara (Herr

426 2323 2564 328 Baring) zu Tisch. Dampfer noch nicht da.

570 2479 3203 365 7.II. Morgens um u. über den Berg hinter der

379 2671 3435 315 Boma. Hier endlich die Mikindani-Schichten, aber

367 2837 3490 355 sind diese freilich sehr mächtigen Kiese nicht Flußablage„

381 3026 2413 316 rung? Material aus dem Kristallinen!

700 3141 3176 305 Vorm. zu Fuß im N um die Bucht zur Pflanzung

437 3318 3330 282 des Herrn Linder, wo ich mittag u. nachm. bleibe.

417 3492 3545 258 Profil des 53 m. tiefen Brunnens erfahren (weit unter Meeres„

415 3692 3544 310 spiegel. Hier ist die rote Erde ohne Zweifel Verwitterungs„

413 3845 3362 292 rinde. Aber die Korallenkalke tertiär??? Nachm. mit

471 4013 3272 324 Trolly zum Bau der Fabrik für Sisal-Entfaserung. Eine

535 4207 3260 312 schwere aufziehend. Wolke trieb mich nach Mikindani

421 4340 2176 360 zurück, aber der Regen kam nicht.

361 4555 3642 409 Sah einen Mann mit vollendetem Zangen-Gebiß.
