4292 5213
3842 209 218 186 135

402 265 3662 269 Ton, dann auf's rettende Plateau. Die aufgehende Sonne

422 476 3327 224 goß Kronengold auf die stattlichen frisch grünenden

472 594 3297 200 Bäume. Um 1 auf Noto. Neuer Jumbe (Ndonde), der

483 762 3392 268 frühere jedoch noch als Wendt'scher Spion hierbelassen.

477 900 3242 297 Er plauderte wieder prächtig, der alte Mwindadi.

610 1093 3233 274 Lasten bis auf 3 Stück um 3 Uhr, die andern erst

517 1271 3505 264 nachts um 9, als ich bereits zu Bett lag. Kein Bettge„

477 1440 3274 230 stell, daher auf der Erde, kein Zeltdach, daher ein

484 1623 3472 281 kräftiger plötzlicher Gewitterregen von oben herein.

619 1806 3297 288 11.V. Heut trocken, aber noch viel Gras. Um 12 am

514 1967 3543 317 Tendaguru, wo schon seit mehreren Tagen kein Regen

474 2165 3452 239 mehr. Die alten Gräben im Gegensatz zum Vorjahr

467 2351 3585 208 kein Wasser mehr haltend. Unsere Leutchen haben

490 2577 3373 236 herzlich wenig geleistet. Schöner frisch-klarer Tag.

591 2768 2939 270 12.V. Kindope-Graben besichtigt, seit 3 Tagen

3422 2702 486 188 wieder

3481 2813 280 161 in

487 2945 407 244 Arbeit.

673 3103 3369 205 Der Akide auf Kilwa-Ufer ist vorgestern gestorben, nachdem

489 3308 3315 206 sein Vorgänger vor'm Jahr ebenso plötzlich blühendes

492 3421 3442 211 Leben gegen Tod eingetauscht hatte. Ich glaube an Ver„

536 3610 3338 222 giftung u. traue dem Kilwa-Bezirk jeden Augen„

563 3718 3423 303 blick Aufstand zu, also Vorsicht dies Jahr! Erklärte mir

545 3971 3536 166 doch schon damals der Karani, das Klima von Nakihu

467 4122 1718 260 sei für Akiden ungesund!

707 4327 3160 226 Nichts zu lesen u. zu tun, da Schreibmaterial noch

496 4472 3360 219 nicht mitgekommen. Greife wieder zu Liliencron's

464 4595 3549 297 prachtvollen Kriegsnovellen u. als Rahmen zu Bismarck's

742 4820 1856 183 Gedanken u. Erinnerungen.
