4292 5213
3801 274 109 50 89

491 359 3295 134 verschiedene Fundplätze von Fossilien besuchte u. aus d.

428 508 3202 157 sehr reichen Sammlungen unserer Leute aussuchte.

615 683 3236 178 Nachm. Zum Nyangi, wo eins Flußpferd tot nahe am

465 836 3460 187 Ufer lag. Mit großen Schwierigkeiten den Kopf erbeu„

463 1019 3352 184 tet, die Leute schnitten sich Striemen aus der Haut,

437 1193 3281 202 schoß ein oder zwei Krokodile, die an dem Kiboko

473 1368 3214 209 fraßen, bekam aber nur eins an Land. Ein

461 1516 3324 262 greulicher Anblick, daß es eine Stunde lang weder

472 1708 3369 253 mit Kugeln noch Keulenschlägen vollends getötet

492 1906 3433 221 werden konnte; ein schönes großes Exemplar. Erzäh„

458 2088 3519 243 lungen der Leute von Elen-Antilopen, Löwen, Men„

485 2281 2656 235 schen, die von Kokodilen geholt seien.

586 2472 3295 239 14.I: Früh über Makumba in's Pindiro-Tal, fand

493 2664 3454 244 erfreulicherweise die Stelle wieder, wo ich vor'm

535 2874 3290 214 Jahr gefaltete u. aufgerichtete Kalkschiefer gesehen hatte.

482 3082 3451 195 Leider keine Fossilien, aber eine interessante Stelle.

504 3285 3479 168 Dann nach Runju-Mikonyera-Nambunju auf fürchterlichen

480 3447 3196 201 Wegen durch Bambus u. dichten Busch. Zu meinem

454 3595 3384 257 Erstaunen plötzlich wieder in Beyschlagi-Schichten. Die

506 3768 3265 220 wenigen mäßigen Aufschlüsse an d. verwaschenen u. ver„

515 3932 3194 216 wachsenen Hängen gaben nicht genügend Übersicht. Nach

516 4064 3289 258 d. Fossilien muß ich aber anscheinend mit Verwerfungen

553 4235 3208 236 operieren, da Bornhardti u. Beyschlagi in fast gleicher

518 4408 3289 225 Höhe. Von Saurierschichten nichts rechtes zu sehen. Hoffte

548 4568 3285 237 noch viel näher am Ruawa-Plateau zu bleiben, aber

532 4722 3037 231 Übersicht nirgends möglich, Karte leer, Führer dämlich.
