4292 5213
3730 187 220 199 109

452 229 3436 341 27.II: Marsch nach Lindi, da in Nguru-Mahamba kein

546 485 3294 293 Boot lag. Am Wege auf Anhöhe Ndemba die Stelle

453 698 3496 271 besichtigt, wo meine Leute früher zahlreiche Schnecken

463 840 3445 229 u. einige Fischzähne in mir sonst unbekanntem

452 1010 3337 348 Gestein gefunden hatten. Das Gestein ist auch nur

483 1186 3445 327 an einzigen wenigen Blöcken der Steinbestreu„

476 1385 3267 307 ung auf dem Ton von Mtangi vorhanden. Der

439 1540 3598 342 Erosionsrest-Berg am Nguru-Kriek erhebt sich darüber,

534 1692 3343 354 garnicht weit von d. Straße. Gegen 8½ in Lindi.

622 1867 3281 342 Dampfer kommt erst morgen. Mein Abitu„

471 2139 741 275 riumstag.

630 2228 3335 245 28.II. Vorm. Am Kriek aufwärts, Gesteinsproben aus

515 2438 2945 309 den Nummulitenkalken geholt. Dampfer.

554 2650 450 203 Tennis.

312 2682 3711 346 1.III: 29.II: Alles klar zur Abreise. Der Dampfer trifft gegen

526 2919 2987 249 4 von Mikindani kommen ein, an Bord.

588 3104 3127 309 Ade Lindi, aber noch nicht auf Nimmer„

527 3285 941 224 wiedersehen!

524 3443 3537 300 2.III. Morgens an Kilwa, bleiben hier 24 Std. liegen.

451 3630 3537 229 An Land. Baumwollginnerei der D. O. A. G., indische

459 3781 3541 238 Sesamöl-Mühle (wie im alten Ägypten!), Nilpferd-

400 3967 3354 318 Bassin besichtigt, staunte über die fließenden

399 4158 3445 304 artesischen Brunnen, die nur von der kleinen

426 4313 3547 310 Kuppe hinter der Stadt gespeist werden können.

454 4485 3152 289 Aber wo kommt soviel Wasser her???

507 4646 3496 219 In d. D. O. A. G.-Veranda bei Whisky-Soda. Mitt u.

485 4828 954 203 Nachm. an Bord.
