4292 5213
301 353 113 50 84

1753 466 690 65 1911

1426 723 572 137 Neujahr!

633 911 3347 157 Es soll mich wieder zu den Meinigen bringen, wenn

650 1064 3089 166 auch der Zeitpunkt neuerdings wieder so ungewiß,

652 1216 3339 155 wie in den Grenzen eines Jahres möglich, geworden

701 1370 3104 152 ist. Möge ich Alle in Gesundheit antreffen. Meine Haupt„

683 1517 3258 162 sorge gilt nach wie vor Mama, die obwohl der Schonung

692 1656 3107 184 wohl bedürftig, neben dem unausgesetzten Kleindienst

708 1821 3112 183 der Hausfrau die Qual u. Fesselung durch Großmamas

697 1976 3088 173 bedauernswerten Zustand zu erfahren hat. Für mich

675 2149 3169 157 wird nun die Frage des weiteren Berufes ernstlich

689 2296 2932 159 brennend,wenn ich nicht mein Leben in der

676 2445 3041 164 natürlichen Weise erweitern u. ausbauen will.

677 2571 2984 203 Die Expedition war mir ein willkommenes

632 2701 2948 230 Sprungbrett, hoffentlich wächst sie sich nicht zum

676 2894 3016 191 Hindernis aus. Meine Abenteuerlust ist für den

709 3034 3063 214 Augenblick gestillt, womit nicht gesagt ist, daß ich

707 3188 2986 219 nicht morgen wieder Hunger habe. Ich habe Zeit

701 3370 3224 211 gehabt das Gesehene gründlich kennen zu lernen u. auf„

741 3542 3212 209 zunehmen, da senkt sich dann das Schwergewicht wieder

745 3721 3214 196 nach der Heimat. Hoffentlich darf ich ihm ganz nachgeben.

714 3933 3165 173 Hier wird es freilich ein Abschiednehmen auf Nimmer„

708 4093 3120 175 wiedersehen gelten u. ich glaube, ich kann schon jetzt

708 4291 1610 142 ermessen, was das heißt.

1003 4458 2673 177 Sonntag d. 1. Januar 1911: Letzte Besprechungen u.

684 4657 2339 146 Vorbereitungen vor Janensch's Abmarsch.
