4292 5213
281 363 140 75 34

558 304 3232 217 hier die Möglichkeit, früh zurückzukehren u. die der

601 470 3069 207 Jagdlust geopferte schöne Sonntags-Lagerruhe zu

633 692 3244 117 genießen. Um 4 aufgestanden. Von 5-1 Uhr unterwegs.

556 815 3279 193 Ziemlich früh sah ich 2 helle schlanke Antilopen u. ahnte

597 965 3095 215 schon Riedböcke, obwohl wir bisher nicht d. geringste

601 1132 3229 220 Kunde von deren Anwesenheit in unsrer Umgebung

624 1300 3054 220 hatten. Nach längrer Streife traf ich sie wieder u.

559 1463 3254 215 konnte d. Männchen auf mindestens 100 m. glücklich

608 1613 3177 224 erlegen, schönes Tier. Dann auf gemeldete Barappis.

654 1772 3197 226 Jagden sie zufällig im hohen Grase auf, als ich grade

620 1936 3259 216 die Büchse nicht selber trug. Fürchterliche Verfolgung durch

630 2081 3066 215 - freilich meist niederes - Gras u. greuliches Geröll,

604 2242 3132 235 in dem kaum einmal eine Spur zu verfolgen

618 2415 2997 230 war, aber mit gutem Winde. Mußte wieder

630 2566 3219 232 weit schießen, als ich die herrlichen Tiere auf einer

660 2727 3150 233 gegenüberliegenden Anhöhe stehen sah. Das offenbar

638 2891 3025 239 getroffene Tier humpelte langsam hinterdrein u.

661 3023 3068 274 als ich an seiner Stelle stand, lag es unten im

683 3189 3000 280 Tal, sprang aber auf u. flüchtete schnell; eine

653 3353 3042 292 nachgesandte Kugel ging fehl. Nun wurde alles

682 3548 3096 254 genau abgesucht. Nach langer Zeit scheuchte ich schon

641 3738 3030 245 halbwegs zum Mtshingiri unter dem Lipogiro die

610 3900 3068 242 Herde wieder auf u. schoß 3 mal während d. Flucht

716 4094 2994 247 auf ein großes schwarzes Exemplar, offenbar ohne

671 4282 3049 229 Erfolg. Ich suchte weiter nach d. Angeschossenen, aber

722 4471 3036 232 keinerlei Spuren in dem endlosen Revier, so daß
