4292 5213
3841 238 130 91 45

484 315 3475 131 15. Sept. Unerwartet pünktliches Eintreffen der Post. Leider

646 467 3367 158 recht traurig: Großmamas Zustand gleicht einem sanften

635 642 3410 152 aber unendlich zähen Todeskampf u. nicht nur ihr selbst

621 796 3164 167 wünschte man Erlösung, sondern auch Mama, die

657 967 3380 174 darunter seelisch leidet u. auch so gefangen gehalten

668 1112 3144 209 wird, daß sie sich zu meinem Kummer dies

716 1333 2658 130 Jahr keinerlei Erholung gönnen kann.

808 1534 3117 150 Sonntag d. 18. Sept: Auf Jagd im Mbenkuru-Tal. Ging an

638 1714 3318 160 den neuen Gräben unterhalb der Barrabarra hinein u. folgte

627 1860 3098 167 dem Plateaurande. Schon beim Abstiege machte sich ein

633 2007 3299 175 wenig Verdauungsstörung u. nicht ganz vollkommenes

637 2147 3340 210 Befinden bemerkbar. Ich suchte mir wenigstens noch ein

626 2380 3422 151 Schwein, ehe ich umkehrte. In einer der Randbuchten

643 2545 3323 148 glaubte ich 2 Mbanjo's im Grase zu sehen u. ging ohne

646 2703 3344 138 große Vorsicht näher, als plötzlich Barappi aufspringen.

672 2899 3373 90 Folgten auf den Plateaurand, in die  nächste Bucht

621 3043 3396 176 wieder hinab, inzwischen 2 Ngorombwe, 1 Mbawalla

645 3215 3278 145 gesehen. Dann stand die Herde vor mir. Beim

651 3379 3098 118 ersten Schuß gingen alle ab, nur eins sah ich

602 3500 3245 182 alsbald wieder stehen bleiben u. hielt es für

601 3716 3466 139 angeschossen. Ging vorsichtig heran, da sah ich das Getrof„

642 3876 3383 152 fene bereits tot liegen. Aber das zweite stand

635 4031 3422 163 jetzt so günstig, daß ich mich wieder verleiten ließ.

619 4214 3357 156 Auch dies fanden wir dicht dabei liegen, doch trotz

641 4387 3340 137 weiterer Schüsse stand es noch zweimal auf, ein„

661 4539 3333 148 mal als ich bereits d. Gehörn gepackt hatte u. Ali

651 4694 3382 134 zum Schächten ausholte. Es war ein altes Männchen,

659 4810 3166 149 aber leider ein Horn durchgebrochen, also müssen auch
