4292 5213
247 240 219 200 126

513 256 3231 327 Hintergrund. 3 Mann spielten mir eine Bondeï-Goma vor

504 403 3205 274 natürlich auf finanzieller Grundlage; sie war auch sonst nicht

494 551 3345 289 ganz unsprünglich mehr, aber doch sehr interessant u. vorzüglich

523 713 3312 244 ausgeübt. Einer bearbeitete eine übliche Trommel, der Zweite

507 863 3274 297 eine ganz kleine mit hellem scharfen Klang u. zugleich ein

490 996 3373 244 leeres Petroleum-Gefäß, das als hübsch laut öfters dazu avan„

491 1138 3266 324 ziert. Der Dritte tanzte mit gewaltigem Geschick u. Übung

521 1298 3239 234 in höchst phantastischem Aufzug: militärischer Tropenhelm, altes

507 1431 3379 295 Schwert in d. H einen, Schelle in d. andern Hand, Khakihose, eine

506 1578 3424 272 Art Beinwickler mit zahlreichen Schellen besetzt, von d. Knieen

530 1779 3295 295 ringsum lange Haare herabhängend, der kraftvolle schöne Ober„

491 1915 3372 295 körper nackt mit zahlreichen bunten Perlschnüren, Ketten u.

522 2119 3118 215 Schärpen besetzt, ein etwas buntes, aber nicht grade

531 2250 1933 262 häßliches Ballkostüm. Photographiert.

831 2370 2899 295 Auf dem Tonboden zahlreiche Blöcke von rötlichem

524 2540 3065 274 Sandstein, gelben Kalkbrocken u. Oolith durcheinander

598 2758 3001 194 liegend, einiges wenige fossilführend. Regen.

453 2899 3439 274 19 April: Marsch nach Kitugallo, anfangs durch schmierigen Tonboden

533 3138 3200 217 bis an die Knöchel, am linken Ufer des Kulambili entlang.

523 3254 3323 207 Allerhand Oolithe u. Sandsteinplatten, am Dorfe deutlich unter„

514 3365 3115 225 lagert von dem lichten Ton, in dem zu suchen jetzt das

493 3539 3299 234 Risiko bedeutet den Hammer nicht wieder herauszu„

528 3661 3098 264 bekommen. Über den Bach, durch Felder, dann

522 3825 3217 273 langsam aufwärts auf eine Höhe, die meist aus Oolith

518 4040 3227 208 besteht. Schildförmig bis plateauartig, dann steiler ab„

532 4132 3144 204 fallend nach Kitugallo mit weitem schönen Blick auf

501 4280 3192 240 Gneißgebiet im S W. Wieder Plateaukante? Bergformen

528 4436 3302 254 zu verwachsen. Im Regen nach Kitugallo. Fand hier Hrn. Sauer„

509 4593 3400 191 bier vom vorigen Jahr, der inzwischen in Europa war, u. einen

525 4745 3311 240 Hrn. Mührsen. Die Kiste m. Versteinerungen, die ich vorm Jahr
