4292 5213
273 220 105 157 80

507 350 3508 126 fand Hrn. Schultze schon vor. Jan. sollte erst nachm. kommen.

473 478 3296 154 Auf Hrn. Sch's Wunsch warteten wir nicht auf d. frische

476 652 3322 163 Fleisch, sondern bestellten schnell etwas zu essen. Gleich

506 775 3311 172 darauf kam Janensch m. einem Puduka u. bestellte

508 927 3395 180 - dem Gaste zu Ehren aber kaum nach Wunsch - anderes

495 1098 3308 161 Essen, dann badete er in aller Gemütsruhe, obwohl ich

535 1245 3410 184 ihm Mitteilung gemacht hatte, u. statt um ½ 12 setzten

588 1407 3267 171 wir uns erst nach 1 zu Tisch. Janensch meint, er wäre

558 1547 3225 170 nervös, ich kann nur diese fabelhafte Ruhe u. Lang„

551 1705 1155 169 samkeit bestaunen.

766 1804 2949 188 22 Dez. Hr. Sch. marschiert um 4 Uhr früh ab nach Lindi, um

572 1953 3232 145 zum Dampfer wieder da zu sein, ich meine er hat schöne,

580 2080 3241 170 auch für uns ungewöhnlich schöne Tage hier gehabt. Be„

552 2201 3261 201 gleitete ihn eine Strecke im Mondschein u. erwartete im

564 2331 3323 216 Liegestuhl das Erwachen des Tages, während Jan. sich wieder

562 2465 3170 211 zu Bett gelegt hatte. D. Kunst des Frühaufstehens ist ihm

555 2615 3053 209 noch nicht aufgegangen, selbst in Afrika, wo sie fast

526 2811 3319 186 Notwehr ist. Wir sind nun wieder allein u. müssen uns

554 2961 2513 176 auch noch ein bissel sammeln zum Abschluß.

729 3192 3276 159 24. Dez. Poscho. „Heilig“-Abend: Nun flammt's in deutschen Landen!

520 3344 3242 158 Wir können nur heimwärts denken. Brief an Mama über

540 3452 3124 192 die von Branca letzthin angekündigte, uns völlig u. nicht

554 3593 3195 197 ganz angenehm überraschende Verlängerung der Expedition

553 3768 3192 177 um ein weiteres Jahr, an dem ich jedoch hoffentlich nicht

573 3964 3156 127 mehr teilnehme. Unter allen Gründen ist der unausge„

573 4106 3229 160 sprochene vielleicht der wesentlichste, nämlich daß ich  we„

581 4245 3196 175 nigstens Mädchen kennen lernen will, um in nicht all„

615 4406 3116 187 zu ferner Zeit zu einer Wahl - hoffentlich kein „Wählen“,

587 4569 3110 183 sondern ein Fortgerissenwerden! - schreiten zu können.

600 4785 3233 96 Nächste Weihnachten werde ich ohnehin noch ein Einsamer sein.

764 4893 2685 91 Abend nach heftigem Regen große Schwärme fliegender Termiten.
