4292 5214
3869 300 89 54 9

411 311 3414 167 19. Mai. Von mittag ab wieder bedeckt. Morgens Kometen

422 474 3497 155 schweif sehr breit, zumal neuerdings am untern uns

448 632 3469 178 näheren Ende, aber wenig leuchtstark u. verschwom„

453 804 1725 186 men trotz klarster Luft.

738 930 2587 185 Nachts die große Hyäne am Berge gewesen.

252 1097 3491 239 20. Mai Moham.-Graben u. die Stelle der großen Knochen

535 1282 3230 189 hinter'm Tendaguru (Seliman) wieder in Angriff

513 1480 3362 198 genommen. Vom Njassa treffen 9 Mann, offenbar

468 1648 3353 227 Wangoni, aber doch als Wanjassa getrennt bezeichnet

471 1912 256 126 ein.

629 1987 3152 232 Kann leider morgen abermals nicht nach

569 2160 3304 252 Niongala, da Janensch ewig an der Abrechnung

504 2327 3509 295 sitzt u. evtl. etwas zu fragen hätte. Ich habe ihm

503 2555 3216 261 schon vor langer Zeit Mitarbeit angeboten, aber

495 2733 3468 256 was nur irgend aufschiebbar ist, wird aufgeschoben.

471 2913 3475 259 Gewiß ist's keine angenehme u. keine kleine Arbeit,

486 3102 3509 266 aber ich wäre sicher, in einer Woche fertig zu werden.

439 3307 3506 261 Dann würde ich mich freilich tüchtig dahinter setzen

462 3556 3580 178 müssen, aber ich wäre froh, wenn ich mal wieder

441 3686 3608 285 schriftlich zu arbeiten hätte. Auch sein Hausbau kommt,

478 3887 3287 304 obwohl er ständig dabei sitzt u. wenig zu den

451 4067 3126 303 Gräben geht, kaum vom Fleck. Es ist alles so

433 4272 3401 289 theoretisch u. unnatürlich bei ihm, aber um Gottes

471 4448 3557 286 willen wünsche ich nicht, daß Alle so sein müßten

493 4775 432 113 wie ich!

680 4808 3373 177 Brief an Frau Seidenspinner. Komet nicht sichtbar, da Abds. bedeckt

3528 4898 409 79 od. wolkig
