<?xml version="1.0" encoding="UTF-8"?>
<alto xmlns:xsi="http://www.w3.org/2001/XMLSchema-instance"
      xmlns="http://www.loc.gov/standards/alto/ns-v2#"
      xmlns:page="http://schema.primaresearch.org/PAGE/gts/pagecontent/2013-07-15"
      xsi:schemaLocation="http://www.loc.gov/standards/alto/ns-v2# http://www.loc.gov/standards/alto/alto.xsd">
   <Description>
      <MeasurementUnit>pixel</MeasurementUnit>
      <OCRProcessing ID="IdOcr">
         <ocrProcessingStep>
            <processingDateTime>2021-02-02T10:01:26.849+01:00</processingDateTime>
            <processingSoftware>
               <softwareCreator>READ COOP</softwareCreator>
               <softwareName>Transkribus</softwareName>
            </processingSoftware>
         </ocrProcessingStep>
      </OCRProcessing>
   </Description>
   <Layout>
      <Page ID="Page1" PHYSICAL_IMG_NR="1" HEIGHT="5213" WIDTH="4292">
         <TopMargin HEIGHT="0" WIDTH="4292" VPOS="0" HPOS="0"/>
         <LeftMargin HEIGHT="5213" WIDTH="0" VPOS="0" HPOS="0"/>
         <RightMargin HEIGHT="5213" WIDTH="0" VPOS="0" HPOS="4292"/>
         <BottomMargin HEIGHT="0" WIDTH="4292" VPOS="5213" HPOS="0"/>
         <PrintSpace HEIGHT="5213" WIDTH="4292" VPOS="0" HPOS="0">
            <TextBlock ID="r5" HEIGHT="4575" WIDTH="3760" VPOS="233" HPOS="284">
               <Shape>
                  <Polygon POINTS="284,233 284,4808 4044,4808 4044,233"/>
               </Shape>
               <TextLine ID="r5l1"
                         BASELINE="348"
                         HEIGHT="115"
                         WIDTH="128"
                         VPOS="233"
                         HPOS="3866">
                  <String ID="string_r5l1"
                          HEIGHT="115"
                          WIDTH="128"
                          VPOS="233"
                          HPOS="3866"
                          CONTENT="63"/>
               </TextLine>
               <TextLine ID="r5l3"
                         BASELINE="400"
                         HEIGHT="127"
                         WIDTH="3361"
                         VPOS="273"
                         HPOS="427">
                  <String ID="string_r5l3"
                          HEIGHT="127"
                          WIDTH="3361"
                          VPOS="273"
                          HPOS="427"
                          CONTENT="Rindböcke gesehen; Erbeutet Je 1 Nguruve, Mbongo, Perlhuhn u."/>
               </TextLine>
               <TextLine ID="r5l4"
                         BASELINE="553"
                         HEIGHT="119"
                         WIDTH="3426"
                         VPOS="434"
                         HPOS="456">
                  <String ID="string_r5l4"
                          HEIGHT="119"
                          WIDTH="3426"
                          VPOS="434"
                          HPOS="456"
                          CONTENT="Buschbock. Über Kindope-Gräben zurück. Bis 10 vielfach"/>
               </TextLine>
               <TextLine ID="r5l5"
                         BASELINE="706"
                         HEIGHT="127"
                         WIDTH="3482"
                         VPOS="579"
                         HPOS="517">
                  <String ID="string_r5l5"
                          HEIGHT="127"
                          WIDTH="3482"
                          VPOS="579"
                          HPOS="517"
                          CONTENT="wolkig u. schattig, dann zwar heiß aber nicht ermattend,"/>
               </TextLine>
               <TextLine ID="r5l6"
                         BASELINE="881"
                         HEIGHT="164"
                         WIDTH="2945"
                         VPOS="717"
                         HPOS="488">
                  <String ID="string_r5l6"
                          HEIGHT="164"
                          WIDTH="2945"
                          VPOS="717"
                          HPOS="488"
                          CONTENT="da die erste feuchte Periode offenbar vorüber ist."/>
               </TextLine>
               <TextLine ID="r5l7"
                         BASELINE="1063"
                         HEIGHT="210"
                         WIDTH="3423"
                         VPOS="853"
                         HPOS="618">
                  <String ID="string_r5l7"
                          HEIGHT="210"
                          WIDTH="3423"
                          VPOS="853"
                          HPOS="618"
                          CONTENT="12 Nov. Poschozahlung. Dann um 4h nachm. abmarschiert nach Nanundo,"/>
               </TextLine>
               <TextLine ID="r5l8"
                         BASELINE="1196"
                         HEIGHT="213"
                         WIDTH="3390"
                         VPOS="983"
                         HPOS="502">
                  <String ID="string_r5l8"
                          HEIGHT="213"
                          WIDTH="3390"
                          VPOS="983"
                          HPOS="502"
                          CONTENT="Routenaufnahme nur bis Kipande, da ich zu langsam vorwärts"/>
               </TextLine>
               <TextLine ID="r5l9"
                         BASELINE="1313"
                         HEIGHT="168"
                         WIDTH="2967"
                         VPOS="1145"
                         HPOS="550">
                  <String ID="string_r5l9"
                          HEIGHT="168"
                          WIDTH="2967"
                          VPOS="1145"
                          HPOS="550"
                          CONTENT="kam u. die Dunkelheit drohte. Abends schöner Mondschein."/>
               </TextLine>
               <TextLine ID="r5l10"
                         BASELINE="1478"
                         HEIGHT="192"
                         WIDTH="3514"
                         VPOS="1286"
                         HPOS="284">
                  <String ID="string_r5l10"
                          HEIGHT="192"
                          WIDTH="3514"
                          VPOS="1286"
                          HPOS="284"
                          CONTENT="Sonntag d. 13 Nov. Sehr früh auf der Barrabarra nach Namwirange ein Stück"/>
               </TextLine>
               <TextLine ID="r5l11"
                         BASELINE="1609"
                         HEIGHT="181"
                         WIDTH="3354"
                         VPOS="1428"
                         HPOS="530">
                  <String ID="string_r5l11"
                          HEIGHT="181"
                          WIDTH="3354"
                          VPOS="1428"
                          HPOS="530"
                          CONTENT="gegangen, schoß dabei ein nguruve, dann rechts ab in das Land"/>
               </TextLine>
               <TextLine ID="r5l12"
                         BASELINE="1767"
                         HEIGHT="211"
                         WIDTH="3416"
                         VPOS="1556"
                         HPOS="551">
                  <String ID="string_r5l12"
                          HEIGHT="211"
                          WIDTH="3416"
                          VPOS="1556"
                          HPOS="551"
                          CONTENT="zu Seiten des Mbenkuru, stellenweise Elephantengras, aber weg„"/>
               </TextLine>
               <TextLine ID="r5l13"
                         BASELINE="1916"
                         HEIGHT="240"
                         WIDTH="3340"
                         VPOS="1676"
                         HPOS="539">
                  <String ID="string_r5l13"
                          HEIGHT="240"
                          WIDTH="3340"
                          VPOS="1676"
                          HPOS="539"
                          CONTENT="sam. Kein Wild, auch nicht Spuren; über den Kipande, rechten"/>
               </TextLine>
               <TextLine ID="r5l14"
                         BASELINE="2058"
                         HEIGHT="229"
                         WIDTH="3222"
                         VPOS="1829"
                         HPOS="541">
                  <String ID="string_r5l14"
                          HEIGHT="229"
                          WIDTH="3222"
                          VPOS="1829"
                          HPOS="541"
                          CONTENT="Nebenfluß des Mbenkuru, u. diesen selbst in stellenweise"/>
               </TextLine>
               <TextLine ID="r5l15"
                         BASELINE="2193"
                         HEIGHT="189"
                         WIDTH="3339"
                         VPOS="2004"
                         HPOS="541">
                  <String ID="string_r5l15"
                          HEIGHT="189"
                          WIDTH="3339"
                          VPOS="2004"
                          HPOS="541"
                          CONTENT="unangenehmes Gras, aber scheinbar so unberührtes Land,"/>
               </TextLine>
               <TextLine ID="line_1566297820954_517"
                         BASELINE="2311"
                         HEIGHT="135"
                         WIDTH="3337"
                         VPOS="2176"
                         HPOS="580">
                  <String ID="string_line_1566297820954_517"
                          HEIGHT="135"
                          WIDTH="3337"
                          VPOS="2176"
                          HPOS="580"
                          CONTENT="daß man schon auf Elephanten, Büffel u. sonstiges Wild"/>
               </TextLine>
               <TextLine ID="r5l18"
                         BASELINE="2488"
                         HEIGHT="179"
                         WIDTH="3300"
                         VPOS="2309"
                         HPOS="569">
                  <String ID="string_r5l18"
                          HEIGHT="179"
                          WIDTH="3300"
                          VPOS="2309"
                          HPOS="569"
                          CONTENT="gefaßt sein durfte. Dennoch nur wenige frische Spuren"/>
               </TextLine>
               <TextLine ID="r5l19"
                         BASELINE="2632"
                         HEIGHT="164"
                         WIDTH="3510"
                         VPOS="2468"
                         HPOS="534">
                  <String ID="string_r5l19"
                          HEIGHT="164"
                          WIDTH="3510"
                          VPOS="2468"
                          HPOS="534"
                          CONTENT="von Elen-Antilopen. Einige Mbawalla's. Mbenkuru abwärts"/>
               </TextLine>
               <TextLine ID="r5l20"
                         BASELINE="2770"
                         HEIGHT="162"
                         WIDTH="3328"
                         VPOS="2608"
                         HPOS="559">
                  <String ID="string_r5l20"
                          HEIGHT="162"
                          WIDTH="3328"
                          VPOS="2608"
                          HPOS="559"
                          CONTENT="bis zum Wege der Trägerkarawane nach Nakihu. Hier ein"/>
               </TextLine>
               <TextLine ID="r5l21"
                         BASELINE="2909"
                         HEIGHT="161"
                         WIDTH="3424"
                         VPOS="2748"
                         HPOS="583">
                  <String ID="string_r5l21"
                          HEIGHT="161"
                          WIDTH="3424"
                          VPOS="2748"
                          HPOS="583"
                          CONTENT="wenig gerastet; als wir aufstanden, um weiter zu gehen,"/>
               </TextLine>
               <TextLine ID="r5l22"
                         BASELINE="3058"
                         HEIGHT="163"
                         WIDTH="3372"
                         VPOS="2895"
                         HPOS="573">
                  <String ID="string_r5l22"
                          HEIGHT="163"
                          WIDTH="3372"
                          VPOS="2895"
                          HPOS="573"
                          CONTENT="sahen wir ein mbawalla. Ich kam sehr bald zu Schuß, das"/>
               </TextLine>
               <TextLine ID="r5l23"
                         BASELINE="3207"
                         HEIGHT="152"
                         WIDTH="3230"
                         VPOS="3055"
                         HPOS="601">
                  <String ID="string_r5l23"
                          HEIGHT="152"
                          WIDTH="3230"
                          VPOS="3055"
                          HPOS="601"
                          CONTENT="Tier ging, aber ohne zu fallen, ab, auch keine Blutspur. Wir"/>
               </TextLine>
               <TextLine ID="r5l24"
                         BASELINE="3370"
                         HEIGHT="156"
                         WIDTH="3254"
                         VPOS="3214"
                         HPOS="569">
                  <String ID="string_r5l24"
                          HEIGHT="156"
                          WIDTH="3254"
                          VPOS="3214"
                          HPOS="569"
                          CONTENT="folgten ein wenig der Fußspur u. entdeckten es nach"/>
               </TextLine>
               <TextLine ID="r5l25"
                         BASELINE="3518"
                         HEIGHT="152"
                         WIDTH="3370"
                         VPOS="3366"
                         HPOS="591">
                  <String ID="string_r5l25"
                          HEIGHT="152"
                          WIDTH="3370"
                          VPOS="3366"
                          HPOS="591"
                          CONTENT="einer ganzen Strecke bereits tot in einem Bachlauf. Der"/>
               </TextLine>
               <TextLine ID="r5l26"
                         BASELINE="3660"
                         HEIGHT="153"
                         WIDTH="3330"
                         VPOS="3507"
                         HPOS="566">
                  <String ID="string_r5l26"
                          HEIGHT="153"
                          WIDTH="3330"
                          VPOS="3507"
                          HPOS="566"
                          CONTENT="Schuß saß gut im Blatt u. war auf der andern Stelle"/>
               </TextLine>
               <TextLine ID="r5l27"
                         BASELINE="3835"
                         HEIGHT="181"
                         WIDTH="3295"
                         VPOS="3654"
                         HPOS="604">
                  <String ID="string_r5l27"
                          HEIGHT="181"
                          WIDTH="3295"
                          VPOS="3654"
                          HPOS="604"
                          CONTENT="Seite an gleicher Stelle wieder hinausgedrungen. Ich"/>
               </TextLine>
               <TextLine ID="r5l28"
                         BASELINE="3982"
                         HEIGHT="163"
                         WIDTH="3182"
                         VPOS="3819"
                         HPOS="622">
                  <String ID="string_r5l28"
                          HEIGHT="163"
                          WIDTH="3182"
                          VPOS="3819"
                          HPOS="622"
                          CONTENT="glaube, diese Flucht geschieht nicht selten wenigstens"/>
               </TextLine>
               <TextLine ID="r5l29"
                         BASELINE="4155"
                         HEIGHT="171"
                         WIDTH="3290"
                         VPOS="3984"
                         HPOS="599">
                  <String ID="string_r5l29"
                          HEIGHT="171"
                          WIDTH="3290"
                          VPOS="3984"
                          HPOS="599"
                          CONTENT="teilweise bereits nach dem Tode als reine Reflex„"/>
               </TextLine>
               <TextLine ID="r5l30"
                         BASELINE="4304"
                         HEIGHT="172"
                         WIDTH="3242"
                         VPOS="4132"
                         HPOS="613">
                  <String ID="string_r5l30"
                          HEIGHT="172"
                          WIDTH="3242"
                          VPOS="4132"
                          HPOS="613"
                          CONTENT="bewegung, wie auch Schweine, wenn sie gut getroffen"/>
               </TextLine>
               <TextLine ID="r5l31"
                         BASELINE="4466"
                         HEIGHT="138"
                         WIDTH="3376"
                         VPOS="4328"
                         HPOS="604">
                  <String ID="string_r5l31"
                          HEIGHT="138"
                          WIDTH="3376"
                          VPOS="4328"
                          HPOS="604"
                          CONTENT="sind, noch liegend eine ganze Zeit heftige Laufbewe„"/>
               </TextLine>
               <TextLine ID="r5l32"
                         BASELINE="4630"
                         HEIGHT="137"
                         WIDTH="3294"
                         VPOS="4493"
                         HPOS="619">
                  <String ID="string_r5l32"
                          HEIGHT="137"
                          WIDTH="3294"
                          VPOS="4493"
                          HPOS="619"
                          CONTENT="gungen machen. Letzte Strecke zum Akiden in Nakihu"/>
               </TextLine>
               <TextLine ID="r5l33"
                         BASELINE="4808"
                         HEIGHT="123"
                         WIDTH="1606"
                         VPOS="4685"
                         HPOS="640">
                  <String ID="string_r5l33"
                          HEIGHT="123"
                          WIDTH="1606"
                          VPOS="4685"
                          HPOS="640"
                          CONTENT=" überraschend kurz."/>
               </TextLine>
            </TextBlock>
         </PrintSpace>
      </Page>
   </Layout>
</alto>
