4292 5213
3832 215 84 119 47

484 310 3490 147 den scheint u. die Sonne blutrot erscheinen läßt. Am Himmel

496 466 3582 159 gewaltige Streifenwolken in NNO-SSW-Richtung von einem

543 617 3462 169 Horizont zum andern den gesamten Himmel überspan„

537 810 3444 148 nend. Der Streifen im Zenith erschien verschwommen u.

571 958 3401 163 durchsichtig, alle nach NNO u. SSW scheinbar strahlenförmig

572 1137 1124 167 zusammenlaufend.

668 1272 3242 200 23. Sept. Bei den Kindope-Gräben bis zum Abstieg des

605 1405 3346 219 Akida-Weges, dann im S Maimbwi-Gräben. Im Vor„

733 1603 145 65 jahr

845 1583 2204 200 schienen das alles Tagesausflüge.

680 1826 2380 167 24 Sept. Mittags Janensch zurück. Poscho.

620 2012 3146 175 Sonntag d. 25 Sept: Vorm. Amerik. Saurier (Marsh)

651 2195 3368 157 studiert. Fossilien gepackt. Nachm. Schach m. Janensch; pracht„

648 2369 1212 116 volle gleiche Partie.

893 2524 3028 208 26. Sept. Morgens Lasten abgeschickt. Mit den Packern

674 2679 3385 231 beschäftigt. Auf einem kl. Umwege in d. alten Schamben

656 2860 3397 226 Barappi in dichtem Gebüsch aufgejagt u. bald erlegt. Hoffte

668 3045 3268 198 auf einen starken männlichen Einzelgänger, bis ich

666 3207 3211 187 neben ihm stand u. bemerkte, daß es ein freilich

672 3414 3099 139 altes Weibchen war. Keine Spuren von andern

687 3611 3299 86 Tieren. Abends: Erste botanische Ausbeute in die

659 3771 823 124 Presse gepackt.

882 3938 3145 169 27. Sept: Janensch nach Mtapaia. Ich „Südring“ mit

649 4135 3293 144 Packern. Bei Salesi 2 je 2 m. lange Scapulae nebst

611 4317 2464 142 Coracoiden, eine wahre Knochenwand.

832 4487 3053 154 28 Sept: Neue Knochenstelle nördl. vom Lilahi,

656 4674 3370 119 nahe am Mbenkuru besichtigt. Unbrauchbar, aber schöner
