4292 5214
3836 324 102 58 19

435 324 3323 140 Selbstverständlichkeit, vor 12 brenne es nicht, es

442 465 3372 234 sei noch zu kalt (während mir d. Schweiß auf d.

425 659 3469 244 Stirne steht u. d. Sonne glüht) Mir ist diese Physik

459 848 3520 253 zu hoch. Mußte durch wüstes Gras tapsen u. tasten,

437 1042 3410 244 das kein Ende nahm, mich aus d. Orientierung

455 1212 3356 254 brachte u. immer wieder durch d. Weigerung

507 1396 3488 260 Feuer zu fangen, ganz verrückt machte. In einem

496 1656 2700 186 Bachbett gute Knochenreste gefunden.

710 1805 3227 254 Bei Salesi im Kipande neben d. riesigen Knochen

487 2024 3066 209 ein prächtiger Theropoden-Zahn gefunden, der zu

539 2196 2377 202 einem andern Tier gehören muß.

679 2432 822 152 Nachm. Jesus.

615 2600 3217 169 21.VI: An d. gestern entdeckten Knochenstelle

525 2844 1985 121 Graben angesetzt. Skelett G

2550 2701 389 73 wieder

2510 2792 1486 102 in Angriff genommen,

562 2915 3177 277 desgl. neue Grabungen bei nahe Skelett T u.

523 3095 3314 271 unterhalb unsres Lagers an einer v. Janensch

563 3372 1182 171 gefundenen Stelle.

780 3550 2848 165 Nachm. Jesus. Schachpartie aus d. Zeitung.

537 3689 2986 225 D. Barappi vom Maimbwi werden wieder

542 3850 3315 236 gemeldet, aber zu spät. Außerdem stehe ich mit

519 4109 1638 169 d. Gras auf Kriegsfuß.

762 4291 3267 225 22. Zur Salesi-Stelle im Kipande. Nicht viel Neues

491 4462 3414 226 Fluß abwärts bis in d. eigtl. großen Kipande, der zu

557 4635 3374 225 meiner Überraschung ganz dicht am Plateaurand
