4292 5213
3897 243 88 118 93

458 326 3385 132 als 24 Std. unpassierbar sein. Über Beyschlagi-Schichten aufwärts.

482 498 3365 123 Recht kräftiger u. anhaltender Regen verwandelte die Wege in

484 665 3251 120 Bäche. Nach Übergang über d. Nambango dunkle Kalke m.

485 797 3476 157 hübschen Ammoniten. Links zeigte sich langhinziehend eine

489 979 3400 142 Kante höherer Gesteine, in denen ich d. Ntandi-Sch. ver„

514 1129 3401 150 muten durfte. Leider waren dort die Fossilfunde weni„

519 1277 3302 165 ger gut, zu meinem lebhaften Erstaunen Beyschlagi (und

534 1439 3281 153 wohl auch Bornhardti) darunter. Darauf rote Sande, in

513 1611 3329 160 denen die Brunnenlöcher von Lipindi (z. Z. verlassen) einge„

481 1772 3432 152 senkt schienen. Eine schöne Hochfläche m. niederem Grase vermit„

475 1917 3330 159 telte den Anschluß an's Likonde-Plateau, an dessen Fuß

519 2053 3478 167 jedoch nochmals ein wenig tiefes Tal. Lager auf d. Höhe beim

549 2251 1204 130 Jumben Saidi Makwaira

594 2360 2829 193 198.I: Früh abmarschiert, bekannte Route bis Pilepile.

608 2531 3253 157 Nachm. 3-6 Besuch der auf d. Karte eingetragenen „Schlucht“, die

547 2706 3382 145 dort Nambawala u. Kikomolela zu trennen scheint. In Wirk„

555 2857 3305 148 lichkeit einer von den kleinen Steilstufen in Bachläufen,

569 3028 3348 128 wie sie mir vom Tendag. her an d. Beyschlagi-Bänken be„

551 3177 3448 159 kannt sind. Hier durch Korallenbank hervorgerufen, die, wenn

523 3303 3488 191 tertiär, recht interessant wäre, da überlagert von rotem Sande

564 3429 3225 223 mit „Radiolarien‟(?)-Quarzit. Auch sonst interessante Befunde:

556 3584 3266 254 Nautilus u. zw. dem Schneckengestein ein Knochenbruchstück,

561 3739 3348 233 auch Bornhardti-Exemplare. Traf eine Kinderschar, darunter ein fast erwach„

845 3856 3160 160 senes recht hübsches Mädchen nur m. Lendenschurz u. eine Schale Mango-Früchte auf d. Kopf.

2934 3920 786 57 Ein Bild zum Malen!

734 3968 3111 181 20.I. Hoffte auf Aufschlüsse am Ostfuße d. Plateaus, daher wei„

583 4098 3274 210 terer Weg üb. Namembo, aber da resultatlos durch bis Lindi.

574 4273 3196 187 Unmittelbar vor Namembo Hrn. Kaiser getroffen, der nach

582 4479 1765 150 Namwiranye zur Besichtigung zog.
