<?xml version="1.0" encoding="UTF-8"?>
<alto xmlns:xsi="http://www.w3.org/2001/XMLSchema-instance"
      xmlns="http://www.loc.gov/standards/alto/ns-v2#"
      xmlns:page="http://schema.primaresearch.org/PAGE/gts/pagecontent/2013-07-15"
      xsi:schemaLocation="http://www.loc.gov/standards/alto/ns-v2# http://www.loc.gov/standards/alto/alto.xsd">
   <Description>
      <MeasurementUnit>pixel</MeasurementUnit>
      <OCRProcessing ID="IdOcr">
         <ocrProcessingStep>
            <processingDateTime>2021-02-02T10:01:02.481+01:00</processingDateTime>
            <processingSoftware>
               <softwareCreator>READ COOP</softwareCreator>
               <softwareName>Transkribus</softwareName>
            </processingSoftware>
         </ocrProcessingStep>
      </OCRProcessing>
   </Description>
   <Layout>
      <Page ID="Page1" PHYSICAL_IMG_NR="1" HEIGHT="5213" WIDTH="4292">
         <TopMargin HEIGHT="0" WIDTH="4292" VPOS="0" HPOS="0"/>
         <LeftMargin HEIGHT="5213" WIDTH="0" VPOS="0" HPOS="0"/>
         <RightMargin HEIGHT="5213" WIDTH="0" VPOS="0" HPOS="4292"/>
         <BottomMargin HEIGHT="0" WIDTH="4292" VPOS="5213" HPOS="0"/>
         <PrintSpace HEIGHT="5213" WIDTH="4292" VPOS="0" HPOS="0">
            <TextBlock ID="TextRegion_1566897411140_135"
                       HEIGHT="4763"
                       WIDTH="3795"
                       VPOS="233"
                       HPOS="187">
               <Shape>
                  <Polygon POINTS="188,233 3982,233 3979,4996 576,4996 498,628 529,553 423,423 187,337"/>
               </Shape>
               <TextLine ID="r2l1"
                         BASELINE="336"
                         HEIGHT="96"
                         WIDTH="49"
                         VPOS="240"
                         HPOS="308">
                  <String ID="string_r2l1"
                          HEIGHT="96"
                          WIDTH="49"
                          VPOS="240"
                          HPOS="308"
                          CONTENT="4"/>
               </TextLine>
               <TextLine ID="r2l2"
                         BASELINE="507"
                         HEIGHT="186"
                         WIDTH="3177"
                         VPOS="321"
                         HPOS="540">
                  <String ID="string_r2l2"
                          HEIGHT="186"
                          WIDTH="3177"
                          VPOS="321"
                          HPOS="540"
                          CONTENT="beteiligten Parteien verständlich sein, Kindonde u. "/>
               </TextLine>
               <TextLine ID="r2l3"
                         BASELINE="665"
                         HEIGHT="170"
                         WIDTH="3390"
                         VPOS="495"
                         HPOS="525">
                  <String ID="string_r2l3"
                          HEIGHT="170"
                          WIDTH="3390"
                          VPOS="495"
                          HPOS="525"
                          CONTENT="Kimuera dagegen nicht. Wandonde sind bereit mit"/>
               </TextLine>
               <TextLine ID="r2l4"
                         BASELINE="830"
                         HEIGHT="197"
                         WIDTH="3415"
                         VPOS="633"
                         HPOS="504">
                  <String ID="string_r2l4"
                          HEIGHT="197"
                          WIDTH="3415"
                          VPOS="633"
                          HPOS="504"
                          CONTENT="Wamuera sowohl als mit Wangoni zu wohnen, wäh„"/>
               </TextLine>
               <TextLine ID="r2l6"
                         BASELINE="966"
                         HEIGHT="162"
                         WIDTH="3352"
                         VPOS="804"
                         HPOS="520">
                  <String ID="string_r2l6"
                          HEIGHT="162"
                          WIDTH="3352"
                          VPOS="804"
                          HPOS="520"
                          CONTENT="rend Wangoni u. Wamuera sich nicht vertragen."/>
               </TextLine>
               <TextLine ID="line_1566897411187_140"
                         BASELINE="1148"
                         HEIGHT="192"
                         WIDTH="3398"
                         VPOS="956"
                         HPOS="506">
                  <String ID="string_line_1566897411187_140"
                          HEIGHT="192"
                          WIDTH="3398"
                          VPOS="956"
                          HPOS="506"
                          CONTENT="Damit steht in nicht bindendem Gegensatz, daß"/>
               </TextLine>
               <TextLine ID="line_1566897411187_142"
                         BASELINE="1283"
                         HEIGHT="127"
                         WIDTH="3276"
                         VPOS="1156"
                         HPOS="508">
                  <String ID="string_line_1566897411187_142"
                          HEIGHT="127"
                          WIDTH="3276"
                          VPOS="1156"
                          HPOS="508"
                          CONTENT="d. Wandonde von d. Wangoni aus ihrem Lande"/>
               </TextLine>
               <TextLine ID="line_1566897217143_110"
                         BASELINE="1446"
                         HEIGHT="182"
                         WIDTH="3103"
                         VPOS="1264"
                         HPOS="522">
                  <String ID="string_line_1566897217143_110"
                          HEIGHT="182"
                          WIDTH="3103"
                          VPOS="1264"
                          HPOS="522"
                          CONTENT="vertrieben sind, vor allem sollen ja aber"/>
               </TextLine>
               <TextLine ID="r2l14"
                         BASELINE="1624"
                         HEIGHT="204"
                         WIDTH="3238"
                         VPOS="1420"
                         HPOS="578">
                  <String ID="string_r2l14"
                          HEIGHT="204"
                          WIDTH="3238"
                          VPOS="1420"
                          HPOS="578"
                          CONTENT="Wangoni die einzigen Zulu sein. Wie steht's"/>
               </TextLine>
               <TextLine ID="r2l16"
                         BASELINE="1773"
                         HEIGHT="161"
                         WIDTH="3255"
                         VPOS="1612"
                         HPOS="555">
                  <String ID="string_r2l16"
                          HEIGHT="161"
                          WIDTH="3255"
                          VPOS="1612"
                          HPOS="555"
                          CONTENT="mit d. Wandonde. Ein wichtiger Unterschied"/>
               </TextLine>
               <TextLine ID="r2l17"
                         BASELINE="1960"
                         HEIGHT="180"
                         WIDTH="3280"
                         VPOS="1780"
                         HPOS="577">
                  <String ID="string_r2l17"
                          HEIGHT="180"
                          WIDTH="3280"
                          VPOS="1780"
                          HPOS="577"
                          CONTENT="ist auch der, daß bei d. Wamuera anscheinend"/>
               </TextLine>
               <TextLine ID="r2l19"
                         BASELINE="2103"
                         HEIGHT="189"
                         WIDTH="3340"
                         VPOS="1914"
                         HPOS="543">
                  <String ID="string_r2l19"
                          HEIGHT="189"
                          WIDTH="3340"
                          VPOS="1914"
                          HPOS="543"
                          CONTENT="Reste des Mutterrechts bestehen. Man sagte mir,"/>
               </TextLine>
               <TextLine ID="r2l23"
                         BASELINE="2286"
                         HEIGHT="180"
                         WIDTH="3430"
                         VPOS="2106"
                         HPOS="551">
                  <String ID="string_r2l23"
                          HEIGHT="180"
                          WIDTH="3430"
                          VPOS="2106"
                          HPOS="551"
                          CONTENT="der Mdonde folge u. „liebe“ den Vater, der Mmuera"/>
               </TextLine>
               <TextLine ID="r2l24"
                         BASELINE="2457"
                         HEIGHT="205"
                         WIDTH="3057"
                         VPOS="2252"
                         HPOS="598">
                  <String ID="string_r2l24"
                          HEIGHT="205"
                          WIDTH="3057"
                          VPOS="2252"
                          HPOS="598"
                          CONTENT="die Mutter. Pythisch erschien mir dabei auf"/>
               </TextLine>
               <TextLine ID="r2l25"
                         BASELINE="2587"
                         HEIGHT="188"
                         WIDTH="3025"
                         VPOS="2399"
                         HPOS="658">
                  <String ID="string_r2l25"
                          HEIGHT="188"
                          WIDTH="3025"
                          VPOS="2399"
                          HPOS="658"
                          CONTENT="meinen Einwand der Mischehen die Auskunft, in"/>
               </TextLine>
               <TextLine ID="r2l26"
                         BASELINE="2753"
                         HEIGHT="218"
                         WIDTH="3114"
                         VPOS="2535"
                         HPOS="619">
                  <String ID="string_r2l26"
                          HEIGHT="218"
                          WIDTH="3114"
                          VPOS="2535"
                          HPOS="619"
                          CONTENT="solchem Falle „folgten die Kinder, falls Mmuera, der"/>
               </TextLine>
               <TextLine ID="r2l27"
                         BASELINE="2910"
                         HEIGHT="225"
                         WIDTH="3194"
                         VPOS="2685"
                         HPOS="645">
                  <String ID="string_r2l27"
                          HEIGHT="225"
                          WIDTH="3194"
                          VPOS="2685"
                          HPOS="645"
                          CONTENT="Mutter, falls Mdonde dem Vater.“ Die geringe Achtung"/>
               </TextLine>
               <TextLine ID="r2l29"
                         BASELINE="3065"
                         HEIGHT="230"
                         WIDTH="3283"
                         VPOS="2835"
                         HPOS="658">
                  <String ID="string_r2l29"
                          HEIGHT="230"
                          WIDTH="3283"
                          VPOS="2835"
                          HPOS="658"
                          CONTENT="der Frau bei den Wandonde drückt sich zynisch in dem"/>
               </TextLine>
               <TextLine ID="r2l30"
                         BASELINE="3213"
                         HEIGHT="210"
                         WIDTH="3003"
                         VPOS="3003"
                         HPOS="673">
                  <String ID="string_r2l30"
                          HEIGHT="210"
                          WIDTH="3003"
                          VPOS="3003"
                          HPOS="673"
                          CONTENT="Sprichwort aus: „die Frau ist der Sack, in dem der"/>
               </TextLine>
               <TextLine ID="r2l31"
                         BASELINE="3386"
                         HEIGHT="230"
                         WIDTH="3314"
                         VPOS="3156"
                         HPOS="614">
                  <String ID="string_r2l31"
                          HEIGHT="230"
                          WIDTH="3314"
                          VPOS="3156"
                          HPOS="614"
                          CONTENT="Mann sein Geld aufbewahrt.“ Auf meine Frage, ob sie"/>
               </TextLine>
               <TextLine ID="r2l32"
                         BASELINE="3541"
                         HEIGHT="255"
                         WIDTH="3194"
                         VPOS="3286"
                         HPOS="637">
                  <String ID="string_r2l32"
                          HEIGHT="255"
                          WIDTH="3194"
                          VPOS="3286"
                          HPOS="637"
                          CONTENT="sich allein an d. Quelle nicht vor Löwen fürchteten,"/>
               </TextLine>
               <TextLine ID="r2l33"
                         BASELINE="3693"
                         HEIGHT="250"
                         WIDTH="3237"
                         VPOS="3443"
                         HPOS="680">
                  <String ID="string_r2l33"
                          HEIGHT="250"
                          WIDTH="3237"
                          VPOS="3443"
                          HPOS="680"
                          CONTENT="antwortete man fatalistisch aber folgerichtig,: jawohl"/>
               </TextLine>
               <TextLine ID="r2l34"
                         BASELINE="3849"
                         HEIGHT="226"
                         WIDTH="3256"
                         VPOS="3623"
                         HPOS="666">
                  <String ID="string_r2l34"
                          HEIGHT="226"
                          WIDTH="3256"
                          VPOS="3623"
                          HPOS="666"
                          CONTENT="das schon, aber es nützt uns nichts. „Wenn wir nicht am"/>
               </TextLine>
               <TextLine ID="r2l35"
                         BASELINE="4007"
                         HEIGHT="238"
                         WIDTH="3169"
                         VPOS="3769"
                         HPOS="668">
                  <String ID="string_r2l35"
                          HEIGHT="238"
                          WIDTH="3169"
                          VPOS="3769"
                          HPOS="668"
                          CONTENT="Löwen sterben, so sterben wir am Wasser (d. h. Durst).“"/>
               </TextLine>
               <TextLine ID="r2l36"
                         BASELINE="4178"
                         HEIGHT="248"
                         WIDTH="3112"
                         VPOS="3930"
                         HPOS="835">
                  <String ID="string_r2l36"
                          HEIGHT="248"
                          WIDTH="3112"
                          VPOS="3930"
                          HPOS="835"
                          CONTENT="6. Mai. Auch im Verbindungsgraben nach Skelett E hin zeigen"/>
               </TextLine>
               <TextLine ID="r2l37"
                         BASELINE="4333"
                         HEIGHT="272"
                         WIDTH="3168"
                         VPOS="4061"
                         HPOS="676">
                  <String ID="string_r2l37"
                          HEIGHT="272"
                          WIDTH="3168"
                          VPOS="4061"
                          HPOS="676"
                          CONTENT="sich Knochen. Wir lassen sie jedoch einstweilen unberührt"/>
               </TextLine>
               <TextLine ID="r2l38"
                         BASELINE="4478"
                         HEIGHT="280"
                         WIDTH="3037"
                         VPOS="4198"
                         HPOS="684">
                  <String ID="string_r2l38"
                          HEIGHT="280"
                          WIDTH="3037"
                          VPOS="4198"
                          HPOS="684"
                          CONTENT="u. graben nicht tiefer, da Regen nicht ausgeschlossen."/>
               </TextLine>
               <TextLine ID="line_1565605930494_265"
                         BASELINE="4608"
                         HEIGHT="273"
                         WIDTH="3269"
                         VPOS="4335"
                         HPOS="694">
                  <String ID="string_line_1565605930494_265"
                          HEIGHT="273"
                          WIDTH="3269"
                          VPOS="4335"
                          HPOS="694"
                          CONTENT="Bedeckter Himmel. Hausbau begonnen. Einige kleine Trupps gra„"/>
               </TextLine>
               <TextLine ID="r2l41"
                         BASELINE="4673"
                         HEIGHT="181"
                         WIDTH="1836"
                         VPOS="4492"
                         HPOS="697">
                  <String ID="string_r2l41"
                          HEIGHT="181"
                          WIDTH="1836"
                          VPOS="4492"
                          HPOS="697"
                          CONTENT="ben zu beiden Seiten der Barrabarra."/>
               </TextLine>
               <TextLine ID="r2l42"
                         BASELINE="4770"
                         HEIGHT="256"
                         WIDTH="2847"
                         VPOS="4514"
                         HPOS="826">
                  <String ID="string_r2l42"
                          HEIGHT="256"
                          WIDTH="2847"
                          VPOS="4514"
                          HPOS="826"
                          CONTENT="7. Mai. Morgens feiner Regen, der bei beginnender"/>
               </TextLine>
               <TextLine ID="r2l43"
                         BASELINE="4910"
                         HEIGHT="272"
                         WIDTH="2965"
                         VPOS="4638"
                         HPOS="696">
                  <String ID="string_r2l43"
                          HEIGHT="272"
                          WIDTH="2965"
                          VPOS="4638"
                          HPOS="696"
                          CONTENT="Helligkeit freilich aufhörte. Die Gelegenheit benutzt,"/>
               </TextLine>
            </TextBlock>
            <TextBlock ID="TextRegion_1566897411140_134"
                       HEIGHT="4659"
                       WIDTH="391"
                       VPOS="337"
                       HPOS="185">
               <Shape>
                  <Polygon POINTS="187,337 423,423 529,553 498,628 576,4996 185,4996"/>
               </Shape>
               <TextLine ID="line_1565602029464_96"
                         BASELINE="4956"
                         HEIGHT="4466"
                         WIDTH="86"
                         VPOS="490"
                         HPOS="399">
                  <String ID="string_line_1565602029464_96"
                          HEIGHT="4466"
                          WIDTH="86"
                          VPOS="490"
                          HPOS="399"
                          CONTENT="Matarawe auf Karten mehrmals als Fluß verzeichnet, bedeutet lediglich eine Stelle mit"/>
               </TextLine>
               <TextLine ID="line_1566897411187_137"
                         BASELINE="4874"
                         HEIGHT="4491"
                         WIDTH="54"
                         VPOS="383"
                         HPOS="297">
                  <String ID="string_line_1566897411187_137"
                          HEIGHT="4491"
                          WIDTH="54"
                          VPOS="383"
                          HPOS="297"
                          CONTENT="großen Steinplatten, die in jedem Fluß vorkommen kann. Auch ich hatte bisher vergeblich einen"/>
               </TextLine>
               <TextLine ID="line_1565602058091_106"
                         BASELINE="4877"
                         HEIGHT="4462"
                         WIDTH="50"
                         VPOS="415"
                         HPOS="204">
                  <String ID="string_line_1565602058091_106"
                          HEIGHT="4462"
                          WIDTH="50"
                          VPOS="415"
                          HPOS="204"
                          CONTENT="Nebenfluß d. Mtapaia jenes Namens gesucht. Matarawe plural von tarawe, kisuaheli Jabali u. Majabali."/>
               </TextLine>
            </TextBlock>
         </PrintSpace>
      </Page>
   </Layout>
</alto>
