<?xml version="1.0" encoding="UTF-8"?>
<alto xmlns:xsi="http://www.w3.org/2001/XMLSchema-instance"
      xmlns="http://www.loc.gov/standards/alto/ns-v2#"
      xmlns:page="http://schema.primaresearch.org/PAGE/gts/pagecontent/2013-07-15"
      xsi:schemaLocation="http://www.loc.gov/standards/alto/ns-v2# http://www.loc.gov/standards/alto/alto.xsd">
   <Description>
      <MeasurementUnit>pixel</MeasurementUnit>
      <OCRProcessing ID="IdOcr">
         <ocrProcessingStep>
            <processingDateTime>2021-02-02T10:01:45.272+01:00</processingDateTime>
            <processingSoftware>
               <softwareCreator>READ COOP</softwareCreator>
               <softwareName>Transkribus</softwareName>
            </processingSoftware>
         </ocrProcessingStep>
      </OCRProcessing>
   </Description>
   <Layout>
      <Page ID="Page1" PHYSICAL_IMG_NR="1" HEIGHT="5213" WIDTH="4292">
         <TopMargin HEIGHT="0" WIDTH="4292" VPOS="0" HPOS="0"/>
         <LeftMargin HEIGHT="5213" WIDTH="0" VPOS="0" HPOS="0"/>
         <RightMargin HEIGHT="5213" WIDTH="0" VPOS="0" HPOS="4292"/>
         <BottomMargin HEIGHT="0" WIDTH="4292" VPOS="5213" HPOS="0"/>
         <PrintSpace HEIGHT="5213" WIDTH="4292" VPOS="0" HPOS="0">
            <TextBlock ID="r1" HEIGHT="4536" WIDTH="3676" VPOS="297" HPOS="269">
               <Shape>
                  <Polygon POINTS="269,297 269,4833 3945,4833 3945,297"/>
               </Shape>
               <TextLine ID="line_1569574586072_721"
                         BASELINE="451"
                         HEIGHT="193"
                         WIDTH="200"
                         VPOS="258"
                         HPOS="248">
                  <String ID="string_line_1569574586072_721"
                          HEIGHT="193"
                          WIDTH="200"
                          VPOS="258"
                          HPOS="248"
                          CONTENT="122"/>
               </TextLine>
               <TextLine ID="line_1569574586072_720"
                         BASELINE="493"
                         HEIGHT="169"
                         WIDTH="3511"
                         VPOS="324"
                         HPOS="404">
                  <String ID="string_line_1569574586072_720"
                          HEIGHT="169"
                          WIDTH="3511"
                          VPOS="324"
                          HPOS="404"
                          CONTENT="u. ich war froh, daß nur Einer sich gehörig d. Knie aufriß. Auch"/>
               </TextLine>
               <TextLine ID="r1l2"
                         BASELINE="673"
                         HEIGHT="249"
                         WIDTH="3355"
                         VPOS="424"
                         HPOS="420">
                  <String ID="string_r1l2"
                          HEIGHT="249"
                          WIDTH="3355"
                          VPOS="424"
                          HPOS="420"
                          CONTENT="ich bedauerte, in d. ersten Hälfte vom Gebirge überhaupt nichts"/>
               </TextLine>
               <TextLine ID="r1l3"
                         BASELINE="802"
                         HEIGHT="231"
                         WIDTH="3350"
                         VPOS="571"
                         HPOS="440">
                  <String ID="string_r1l3"
                          HEIGHT="231"
                          WIDTH="3350"
                          VPOS="571"
                          HPOS="440"
                          CONTENT="u. am imposanten Vituli-Kessel nicht die volle Höhe der steil"/>
               </TextLine>
               <TextLine ID="r1l4"
                         BASELINE="885"
                         HEIGHT="164"
                         WIDTH="3333"
                         VPOS="721"
                         HPOS="477">
                  <String ID="string_r1l4"
                          HEIGHT="164"
                          WIDTH="3333"
                          VPOS="721"
                          HPOS="477"
                          CONTENT="darüber aufstrebenden Berge zu sehen, auch wollte ich auf d."/>
               </TextLine>
               <TextLine ID="r1l5"
                         BASELINE="1026"
                         HEIGHT="218"
                         WIDTH="3311"
                         VPOS="808"
                         HPOS="479">
                  <String ID="string_r1l5"
                          HEIGHT="218"
                          WIDTH="3311"
                          VPOS="808"
                          HPOS="479"
                          CONTENT="andern Seite des Bgs. herum, merkte das freilich nur zum"/>
               </TextLine>
               <TextLine ID="r1l6"
                         BASELINE="1275"
                         HEIGHT="250"
                         WIDTH="3477"
                         VPOS="1025"
                         HPOS="464">
                  <String ID="string_r1l6"
                          HEIGHT="250"
                          WIDTH="3477"
                          VPOS="1025"
                          HPOS="464"
                          CONTENT="Schluß auf d. Karte. Höchst lohnend war es trotzdem wegen der"/>
               </TextLine>
               <TextLine ID="r1l7"
                         BASELINE="1400"
                         HEIGHT="265"
                         WIDTH="3457"
                         VPOS="1135"
                         HPOS="509">
                  <String ID="string_r1l7"
                          HEIGHT="265"
                          WIDTH="3457"
                          VPOS="1135"
                          HPOS="509"
                          CONTENT="schönen Gebirgsluft (ich schätzte den Paß auf 1000 m) u. des Einblicks"/>
               </TextLine>
               <TextLine ID="r1l8"
                         BASELINE="1528"
                         HEIGHT="256"
                         WIDTH="3264"
                         VPOS="1272"
                         HPOS="517">
                  <String ID="string_r1l8"
                          HEIGHT="256"
                          WIDTH="3264"
                          VPOS="1272"
                          HPOS="517"
                          CONTENT="in den tropischen Urwald, der dem von Amani nicht nachsteht,"/>
               </TextLine>
               <TextLine ID="r1l9"
                         BASELINE="1736"
                         HEIGHT="282"
                         WIDTH="3222"
                         VPOS="1454"
                         HPOS="476">
                  <String ID="string_r1l9"
                          HEIGHT="282"
                          WIDTH="3222"
                          VPOS="1454"
                          HPOS="476"
                          CONTENT="sogar unberührter erscheint u. unter all den großblättrigen"/>
               </TextLine>
               <TextLine ID="r1l10"
                         BASELINE="1836"
                         HEIGHT="246"
                         WIDTH="3329"
                         VPOS="1590"
                         HPOS="532">
                  <String ID="string_r1l10"
                          HEIGHT="246"
                          WIDTH="3329"
                          VPOS="1590"
                          HPOS="532"
                          CONTENT="Pflanzen die Königin, die wilde Banane, auch Baumfarne"/>
               </TextLine>
               <TextLine ID="r1l11"
                         BASELINE="1998"
                         HEIGHT="213"
                         WIDTH="3438"
                         VPOS="1785"
                         HPOS="510">
                  <String ID="string_r1l11"
                          HEIGHT="213"
                          WIDTH="3438"
                          VPOS="1785"
                          HPOS="510"
                          CONTENT="sehr reichlich aufweist, für den auch die Regenstimmung durchaus"/>
               </TextLine>
               <TextLine ID="r1l12"
                         BASELINE="2223"
                         HEIGHT="306"
                         WIDTH="3204"
                         VPOS="1917"
                         HPOS="567">
                  <String ID="string_r1l12"
                          HEIGHT="306"
                          WIDTH="3204"
                          VPOS="1917"
                          HPOS="567"
                          CONTENT="passend war: die hellglänzenden Oberseiten der Blätter,"/>
               </TextLine>
               <TextLine ID="r1l13"
                         BASELINE="2355"
                         HEIGHT="271"
                         WIDTH="3346"
                         VPOS="2084"
                         HPOS="561">
                  <String ID="string_r1l13"
                          HEIGHT="271"
                          WIDTH="3346"
                          VPOS="2084"
                          HPOS="561"
                          CONTENT="der dunkle grüne Schimmer ließen mich zuweilen glauben,"/>
               </TextLine>
               <TextLine ID="r1l14"
                         BASELINE="2539"
                         HEIGHT="262"
                         WIDTH="3330"
                         VPOS="2277"
                         HPOS="558">
                  <String ID="string_r1l14"
                          HEIGHT="262"
                          WIDTH="3330"
                          VPOS="2277"
                          HPOS="558"
                          CONTENT="ich wanderte bei hellem Vollmondschein. Ich um ½1, die Träger"/>
               </TextLine>
               <TextLine ID="r1l15"
                         BASELINE="2710"
                         HEIGHT="275"
                         WIDTH="2873"
                         VPOS="2435"
                         HPOS="567">
                  <String ID="string_r1l15"
                          HEIGHT="275"
                          WIDTH="2873"
                          VPOS="2435"
                          HPOS="567"
                          CONTENT="gegen 4 in Mrogoro. Stiftete ihnen reichlich Pombe."/>
               </TextLine>
               <TextLine ID="r1l16"
                         BASELINE="2876"
                         HEIGHT="298"
                         WIDTH="2858"
                         VPOS="2578"
                         HPOS="757">
                  <String ID="string_r1l16"
                          HEIGHT="298"
                          WIDTH="2858"
                          VPOS="2578"
                          HPOS="757"
                          CONTENT="Gegen Abend die weite Reise zur Boma hinauf, um"/>
               </TextLine>
               <TextLine ID="r1l17"
                         BASELINE="2995"
                         HEIGHT="264"
                         WIDTH="3188"
                         VPOS="2731"
                         HPOS="566">
                  <String ID="string_r1l17"
                          HEIGHT="264"
                          WIDTH="3188"
                          VPOS="2731"
                          HPOS="566"
                          CONTENT="Hrn. Zingel zu besuchen u. bei Bez.-Amtmann Lamprecht"/>
               </TextLine>
               <TextLine ID="r1l18"
                         BASELINE="3158"
                         HEIGHT="290"
                         WIDTH="3308"
                         VPOS="2868"
                         HPOS="542">
                  <String ID="string_r1l18"
                          HEIGHT="290"
                          WIDTH="3308"
                          VPOS="2868"
                          HPOS="542"
                          CONTENT="Zebra-Beichte abzulegen. Auf d. Wege mir Entgegenkommende"/>
               </TextLine>
               <TextLine ID="r1l19"
                         BASELINE="3247"
                         HEIGHT="257"
                         WIDTH="3387"
                         VPOS="2990"
                         HPOS="583">
                  <String ID="string_r1l19"
                          HEIGHT="257"
                          WIDTH="3387"
                          VPOS="2990"
                          HPOS="583"
                          CONTENT="behaupteten regelmäßig, Beide seien oben auf d. Boma, natürlich"/>
               </TextLine>
               <TextLine ID="r1l20"
                         BASELINE="3357"
                         HEIGHT="226"
                         WIDTH="3311"
                         VPOS="3131"
                         HPOS="571">
                  <String ID="string_r1l20"
                          HEIGHT="226"
                          WIDTH="3311"
                          VPOS="3131"
                          HPOS="571"
                          CONTENT="waren sie unten in d. Stadt, ich konnte nur d. Karte abgeben,"/>
               </TextLine>
               <TextLine ID="r1l21"
                         BASELINE="3493"
                         HEIGHT="231"
                         WIDTH="3318"
                         VPOS="3262"
                         HPOS="587">
                  <String ID="string_r1l21"
                          HEIGHT="231"
                          WIDTH="3318"
                          VPOS="3262"
                          HPOS="587"
                          CONTENT="bei Lamprecht eine ganz gute Lösung, da ich nicht weiß, was"/>
               </TextLine>
               <TextLine ID="r1l22"
                         BASELINE="3696"
                         HEIGHT="209"
                         WIDTH="3247"
                         VPOS="3487"
                         HPOS="600">
                  <String ID="string_r1l22"
                          HEIGHT="209"
                          WIDTH="3247"
                          VPOS="3487"
                          HPOS="600"
                          CONTENT="Sattler in d. Sache bereits getan hat. Traf sie dann auf d."/>
               </TextLine>
               <TextLine ID="r1l23"
                         BASELINE="3865"
                         HEIGHT="221"
                         WIDTH="3343"
                         VPOS="3644"
                         HPOS="586">
                  <String ID="string_r1l23"
                          HEIGHT="221"
                          WIDTH="3343"
                          VPOS="3644"
                          HPOS="586"
                          CONTENT="Rückwege, wo ich solche Angelegenheit auch nicht besprechen konnte."/>
               </TextLine>
               <TextLine ID="r1l24"
                         BASELINE="3988"
                         HEIGHT="273"
                         WIDTH="3166"
                         VPOS="3715"
                         HPOS="625">
                  <String ID="string_r1l24"
                          HEIGHT="273"
                          WIDTH="3166"
                          VPOS="3715"
                          HPOS="625"
                          CONTENT="Der Karroo-Fund, über den ich Erkundigung wünschte, ist"/>
               </TextLine>
               <TextLine ID="r1l25"
                         BASELINE="4163"
                         HEIGHT="267"
                         WIDTH="1423"
                         VPOS="3896"
                         HPOS="598">
                  <String ID="string_r1l25"
                          HEIGHT="267"
                          WIDTH="1423"
                          VPOS="3896"
                          HPOS="598"
                          CONTENT="anscheinend nichts neues."/>
               </TextLine>
               <TextLine ID="line_1569574719970_727"
                         BASELINE="4288"
                         HEIGHT="265"
                         WIDTH="2991"
                         VPOS="4023"
                         HPOS="803">
                  <String ID="string_line_1569574719970_727"
                          HEIGHT="265"
                          WIDTH="2991"
                          VPOS="4023"
                          HPOS="803"
                          CONTENT="Ungemütliche Abendbrot-Gesellschaft, nicht nur roh, sondern"/>
               </TextLine>
               <TextLine ID="r1l28"
                         BASELINE="4438"
                         HEIGHT="225"
                         WIDTH="542"
                         VPOS="4213"
                         HPOS="669">
                  <String ID="string_r1l28"
                          HEIGHT="225"
                          WIDTH="542"
                          VPOS="4213"
                          HPOS="669"
                          CONTENT="auch platt."/>
               </TextLine>
               <TextLine ID="r1l29"
                         BASELINE="4597"
                         HEIGHT="275"
                         WIDTH="2912"
                         VPOS="4322"
                         HPOS="799">
                  <String ID="string_r1l29"
                          HEIGHT="275"
                          WIDTH="2912"
                          VPOS="4322"
                          HPOS="799"
                          CONTENT="11. Apr. Wieder feiner Dauerregen; photographierte die"/>
               </TextLine>
               <TextLine ID="r1l30"
                         BASELINE="4688"
                         HEIGHT="203"
                         WIDTH="3190"
                         VPOS="4485"
                         HPOS="643">
                  <String ID="string_r1l30"
                          HEIGHT="203"
                          WIDTH="3190"
                          VPOS="4485"
                          HPOS="643"
                          CONTENT="wundervollen zahmen Buschböcke u. ein junges Kudu des"/>
               </TextLine>
               <TextLine ID="r1l31"
                         BASELINE="4896"
                         HEIGHT="272"
                         WIDTH="2129"
                         VPOS="4624"
                         HPOS="629">
                  <String ID="string_r1l31"
                          HEIGHT="272"
                          WIDTH="2129"
                          VPOS="4624"
                          HPOS="629"
                          CONTENT="Hrn. Haydn, die an Hagenbeck abgehen."/>
               </TextLine>
            </TextBlock>
         </PrintSpace>
      </Page>
   </Layout>
</alto>
