4292 5213
284 259 137 63 52

467 310 3258 174 letzten beiden Regenzeiten zu sehen u. durch Kahlheit oder

484 466 3315 158 Beginn neuer Vegetation zu unterscheiden. Eine gewaltige

473 644 3117 159 Erosionsmenge! Oben am Rande will Eckenbrecher

469 771 3225 177 sein Haus aufbauen, was bei der herrlichen Fernsicht

499 930 3145 163 erklärlich ist aber nicht unbedenklich scheint. Er selbst

485 1087 3239 160 seit einigen Tagen in Lindi. Auch seine Schamba - schon

501 1241 3237 176 recht groß! - hat er bis zum Rande gerodet, hoffentlich

505 1396 3235 198 bleiben ein paar schön große Bäume stehen, schon um

531 1554 3210 199 nicht eine zu große Verdunstungsfläche zu schaffen, wo

539 1690 3266 224 alles für d. Kautschuk doch wichtige Wasser ohnehin schlecht

607 1913 1070 164 in d. Tiefe sickert.

800 1990 2791 276 14. Oct. Route zum Nkanga u. bis nach Nanembo

667 2134 2967 278 aufgenommen, ein großer Stumpfsinn, der jegliche

681 2325 2870 231 andre Beobachtung ausschließt. Jeder Neger mit

692 2442 3019 308 einem höflichen „Jambo“ oder eine frische Löwen„

683 2621 3168 284 spur stört in dem hirnerweichenden Schrittezählen, weil

680 2801 3170 263 alles „ablenkt“. Außerdem schreite ich gern aus u. liebe

681 2941 3180 265 nicht alle 50 Schritt stehen zu bleiben. Am Nkanga kurze

658 3070 3155 300 Rast, da aber Brücke solide befunden, nicht auf Ankunft

741 3209 3050 320 der Wangonis gewartet. Mittagsrast im shauri-Hause

732 3379 3012 316 auf Lutende. D. Noto-Jumbe, der zu meiner Begrü„

697 3546 2991 314 ßung von Lindi zurück geeilt ist, begleitet mich

701 3697 3114 318 wieder hinunter u. bringt ein dürres, altes, verhunzeltes

657 3874 3155 286 Weib mit, das gestern in meiner Anwesenheit unter d.

684 4037 3096 283 Anklage eingeliefert wurde, ihre 2 Kinder getötet u.

680 4194 3153 277 gefressen zu haben. In ein Blatt gehüllt zeigte man mir

696 4365 3037 262 auch ein aus den Knochen bereitetes Zaubermittel, das

700 4548 3153 215 in irgend einem Zusammenhange mit ihren Genitalien

685 4780 332 136 stand.
