4292 5214
3704 277 128 60 37

387 361 3334 128 legen; den Kopf hatte es noch erhoben u. den Rumpf

422 520 3529 137 verdeckte das Gras; ich wollte es nicht lange ängstigen,

438 675 3499 148 sondern durch Halsschuß erledigen. Zu meinem Entsetzen

418 813 3367 150 blieb der Kopf auch nach dem dritten noch hoch u. ich

455 969 3414 162 mußte noch 2 mal in die Brust schießen, ein greulicher

475 1128 3348 172 Anblick. Der Hals war förmlich durchlöchert. Obendrein

491 1292 3404 169 leider ein Weibchen, dem zwei von den jungen Tieren

483 1458 3420 152 anzugehören schienen. Es war inzwischen klar gewor„

493 1639 2452 155 den u. ich gab Mtapaia nunmehr auf.

709 1823 3141 168 20. Aug: Nachm. Poscho-Zahlung. Nachricht von Janensch,

497 1978 3452 158 der morgen zurückkommt u. Anlegen einer Barrabarra

547 2144 3360 97 bis zum Noto vom Bezirksamt erlangt hat (für d. schweren

527 2293 1098 125 Knochentransporte)

714 2409 3265 188 21. Aug: Morgens früh in's Mbenkuru-Tal hinab, worauf

540 2585 3325 180 ich mich seit dem mächtigen Feuer gestern vor 14 Tagen

569 2743 3128 165 bereits gefreut hatte. Zu meinem Erstaunen einige

560 2903 3343 160 Hänge bereits wieder mit frischem Grün bedeckt, um„

565 3079 3334 158 grenzt von schwarzen, kahlen Flächen, die hin u. wie„

579 3247 3306 146 der mit Stellen unverbrannten braunen Grases durch„

577 3390 3264 165 setzt waren. Prächtige Bilder. Leider meistenteils die

561 3544 3252 150 hohen, harten, verkohlten Stengel stehen geblieben, die

569 3713 3366 143 das Durchkommen erschwerten u. Eigenschaften eines

555 3865 3292 150 Rauchfanges aufwiesen. Ali zeigte mir recht fern

588 4046 3257 136 Barappis, welche langsam einen Hügel erstiegen u.

575 4195 3274 156 dahinter verschwanden. So schnell wie möglich hinter„

559 4364 3404 157 her. Von d. Hügel aus erst nichts, obwohl ich d. herrlichen

567 4519 3381 139 Tiere ganz nahe wußte. Endlich erblickte ich über nied„

588 4675 3292 139 riges Buschwerk hinweg 2 Gehörne, die Köpfe schienen eine
