4292 5213
230 234 204 167 120

409 272 3429 222 Einmal schoß ich hinterher, um es nur in günstigere Richtung

422 383 3443 145 zu jagen, traf aber wieder u. zwar in einen Hinterschenkel.

446 530 3587 212 Selbst jetzt noch kamen wir nicht näher, als es aber in Reisfelder

450 627 3358 211 am Ngerengere geriet, d. Schreien der Leute hörte u. vor sich das

456 756 3473 309 tiefeingeschnittene u. geschwollene Flußbett sah, brach es zusam„

470 877 3477 253 men. Ich war froh ihm den Gnadenschuß endlich geben zu können.

474 1056 2233 234 An d. Beute hatte ich nicht d. rechte Freude.

281 1191 3648 274 Sonnt. d. 2. April: Früh nochmals in gleicher Gegend, aber heut von

493 1398 3511 257 Kudu nur alte Spuren, meist auf einem Inselberg 20 Min. vom

491 1547 3423 230 Fluß. Von seiner Nebenspitze herrlicher Blick auf das endlich

475 1697 2006 279 freie Uluguru-Geb. (auch photographiert).

733 1859 3181 279 Nach. d. Essen in's Lager zurück, wo Voertmann inzwischen ein„

528 1976 3428 290 getroffen, dessen Besprechungen mit Sattler ich nicht hatte behindern

527 2137 2109 248 wollen. Fröhliche Ente, nämlich kalte.

670 2265 3063 341 3. April. Gebirge wieder frei, daher endlich Aquarell

576 2457 2550 285 begonnen. Mit Voertmann zusammen.

696 2580 3202 268 4.IV. Vorm. Voertmann zur Bahn gebracht. Am 5. Mai ist

615 2736 3269 247 er 20 Jahre in Afrika! Janensch noch immer nicht. Ich kann

621 2894 3225 253 nichts rechtes unternehmen, will aber wenigstens auf einige

630 3102 1431 258 Tage in d. lockende Gebirge.

721 3219 3188 260 5.IV Aquarelliert. Gebirge freilich seit gestern wieder nicht

626 3333 3151 260 mehr frei. Boheti kommt u. meldet Janensch für

636 3485 3264 258 morgen an. Endlich! Daß wir uns freilich über ¼ Jahr nicht

655 3623 1927 255 gesehen haben, ist mir unvorstellbar

735 3810 3233 244 6.IV Morgens aquarelliert, werde zurückgerufen, da Janensch schon

650 3935 3309 293 gegen 9 ankommt. Kronecker wird nach Brief von Branca

663 4083 3259 261 vermutlich Ende Juni als Dritter herauskommen, können ihn

679 4180 2979 271 auch sehr gebrauchen. Janensch will möglichst bald Chuja

3613 4236 91 68 zu

3658 4220 373 208 erledigen

649 4339 3281 240 suchen, ich bleibe noch am Tendaguru, hole dann Kronecker u.

674 4486 3216 280 gehe schließlich allein nach Mbate hinter Kilwa. Mir ist der

648 4670 1434 264 Plan so recht sympathisch.
