4292 5213
285 342 80 109 2

596 380 3356 186 verwitterter Decke scharf hervortretend. Glaubte auch

576 521 3288 202 jenseits eine harte Bank am Rondo verfolgen zu

531 671 3312 213 können, die vielleicht in gleicher Höhe, aber doch

531 830 3396 194 beträchtlich tiefer unter der Plateauoberfläche ver„

570 1040 336 108 lief.

252 1219 401 78 Sonntag

747 1149 3135 157 1. Mai 1910: Vom Noto bis zum Tendaguru mar„

566 1271 3371 206 schiert. Das Gras schien mir häufig niedriger als im

542 1435 3196 164 Vorjahr, aber wieder dicht wie die Mauern. Auch

609 1571 3248 206 hatten d. Jumbe u. d. Karani Kumihu eine tadellose

625 1715 3323 206 barrabarra hergestellt, die das Wandern viel erfreu„

637 1855 2968 232 licher gestaltete. Erst in unserm Machtbereich zu

653 2010 3034 246 meiner Beschämung sehr schlechter Weg, zumal

635 2176 3286 233 eine Waldlisere neusten Datums als Abkürzungs„

648 2349 3045 225 weg gebraucht wird. M. E. müßten wir hier

641 2505 3099 241 schleunigst säubern lassen u. hätten dann den

603 2671 3124 227 kürzesten u. bequemsten Weg für breite Lasten

599 2832 3106 217 nach Lindi. Zum Schluß brannten mir erheblich

637 2993 3137 215 die Füße. Noto-Kumihu 2, Kumihu-Tendaguru 4 Std.

653 3136 3101 249 Die uns v. Dehn gemeldeten Knochen im Nanditi-

634 3293 3284 270 Bach fand ich bestätigt. Die vielen Stellen mit groben

656 3465 2917 251 Geröllen auf Erhöhungen sind jetzt deutlich als

233 3762 266 59 Unsinn!

662 3598 3241 243 Rückstände aus den Newala-Sandsteinen zu erkennen.

668 3746 3093 262 Eine terrestrische Entstehung für diesen Horizont kann

713 3888 3083 273 ich in keiner Weise verstehen, er ist zu ausgedehnt u.

644 4175 713 144 gleichmäßig.

928 4305 2940 156 Unmittelbar bei Ankunft im alten Lager ging's

676 4426 3216 154 zur Besichtigung des neuen auf d. Fuß des Berges, das

677 4593 3256 171 Boheti mit viel Geschmack u. Umsicht bereits vorberei„
