4292 5213
264 286 146 63 62

476 289 3429 142 Sonntag 6. Nov: Ruhetag gemacht, aquarelliert, Briefe geschrie„

574 433 3298 170 ben. Ständig bewölkt, mittags auch ganz hübscher Regen,

510 590 3213 167 vor allem aber im Osten. Man konnte den ganzen Tag

549 716 1740 146 ohne Hut vor's Haus treten.

791 759 2838 177 Mein Ohr gefällt mir seit einigen Tagen nicht; starke Exkretion.

718 858 3155 214 7. Nov: Kindope-Gräben. Es hat hier gestern stärker ge„

579 1021 3266 196 regnet. Viel selbst mit gebuddelt, da gänzlich bewölkt

572 1161 3041 212 u. nur beim Laufen schwül. Erst um ½ 2 zu Haus.

718 1315 3052 191 Abends m. Janensch auf Tendaguru-Gipfel begonnen die

558 1459 2740 199 Basis für d. trigonometr. Messungen abzumessen.

967 1504 2930 213 J. heut u. schon neulich d. Dornranken blühend gesehen, die heut vor 1 Jahre auch blühten.

695 1618 3159 208 8. Nov. Kindope. Gezeichnet u. s. w. Bewölkt. Schöne Tage

561 1773 3116 213 für eine Safari, die auch noch nötig ist u. jetzt möglich

563 1936 3205 214 wäre. Aber Freitag ist Janensch's Geburtstag, da möchte

607 2164 998 114 ich nicht fort sein.

1748 2050 2048 141 Abds. in d. Schamben ohne Erfolg gejagt. Die Leute haben heut

1373 2215 650 96 nichts zu essen!

678 2191 3191 316 9. Nov. Vorm. Den Quellfluß Tingutinguti abwärts gegangen

599 2341 3066 295 bis zur Ausmündung in's Tal unter dem Plateaurand. Die

585 2496 3174 306 Route aufgenommen u. Höhendifferenzen bestimmt. Auf

577 2639 3150 304 d. Rückweg Fossilien gesammelt, unter anderm einen

593 2776 3140 321 neuen breitrückigen Nautilus in Schichten d. Nerineenstufe

619 2951 3126 299 anstehend gefunden, die mir bisher ganz fossilleer er„

595 3145 2987 301 schienen. Das Skelett zu d. Schädel am Ligoma-Wege

599 3322 3047 287 scheint sich zu entwickeln, heut Humerus gemeldet.

726 3495 3103 338 10. Nov. Vorm. Den gestern gefundenen Humerus angesehen,

600 3691 3181 298 schon um 8 von dem Rundgange zurück, da jetzt viel Leute

644 3847 3144 271 wegen Mtama-Einkaufs unterwegs u. die Arbeiten

662 4029 3120 228 auch schon recht gut allein laufen. Am Knochen Katalog

694 4202 2711 173 geschrieben, um Arbeit zu haben. Meist klar.

777 4367 2151 177 Abds. Janensch's Geburtstag begossen.

722 4481 2989 255 11. Nov. Vorm. Über Doanika-Quelle in's Mbenkuru-

662 4679 2979 208 Tal hinab (Höhendifferenzen gemessen). Sehr viel Wild, auch
