4292 5213
219 251 281 266 146

450 348 3506 208 Sonntag bestellte, u. in d. Nähe mir leider nachts nicht zugänglich

487 451 3341 203 eine Ngoma für Besessene. Nach d. Beschreibung seien es eine ganze

486 606 3402 189 Anzahl, die Besessenheit äußere sich, indem die Betr. nach ngoma

489 701 3469 304 schreiend verlangten, während der Trommelei laufen sie (nachts)

495 867 1969 287 in d. Busch u. kämen gesund wieder.

658 969 3210 286 8.VII: Über Mahimbwi, wo ich gestern stellenweise habe brennen

527 1136 3250 272 lassen, zurück. Im Abgebrannten ein Puduka erwischt. Noch ein

498 1345 3405 163 Stück Route aufgenommen. In d. Sandsteinen zw. Tendag.-Gipfelsch. u.

414 1446 2692 235 d. 2 Newala-Sdst.-Zonen keine Fossilien zu entdecken.

647 1549 2676 314 Inzwischen Europapost gekommen. Abds. Vor-Ngoma.

486 1725 3349 288 Sonntag d. 9.VII: Zur Abschiedsfeier u. d. Schädelfestes wegen

532 1810 3320 340 hatte ich für heut siku knu angesagt, d. h. Pombe bereiten

426 1989 3367 287 lassen u. ngoma beordert. Hätte gern eine Fleischver„

518 2122 3328 359 teilung damit verbunden, aber auch der heutige Pürsch„

522 2272 3232 346 gang vergeblich. Die Tänze haben die Nacht durch gedauert u.

513 2456 2781 296 ermüden erst gegen Mittag aus Durst nach Pombe.

605 2564 3219 317 Um 2 gingen wir zusammen hinunter u. ließen Festspiele

509 2791 3334 227 beginnen, Speer- u. Steinwerfen, Hochsprung (worin dies mal einige

515 2940 3449 227 wenige excellierten, sie hatten diese Kunst von - der englischen

479 3079 3320 241 Mission!) Wettlauf, Stelzengehen, Topftragen für Weiber u. s. w.

508 3242 3378 271 Gegen Abend löste es sich bald auf, ich brannte noch bengalisches

514 3430 2278 233 Feuer ab, aber es sahen nur noch wenige.

682 3531 3166 298 10.VII. Den für Beginn der Woche angesetzten Abmarsch hatte

493 3778 3344 199 ich der Ngoma wegen erst für morgen geplant, aber Herr

464 3869 3403 311 Furtwängler, der gestern nachm. nicht sehr wohl, abends aber

466 4115 3413 219 um so ausgelassener war (er brachte den Boys europä„

492 4213 3128 298 ischen Tanz bei, der in ziemlich unanständiger Weise

481 4343 3368 300 aufgefaßt zu werden scheint), legt sich heut wieder

479 4592 655 150 mit Fieber.

886 4650 2525 286 Aufräumungsarbeiten, Packen u. dgl. Schach.
