4292 5213
314 327 158 73 98

571 366 3282 162 Angenehmes, niederes Gras. Im Unendlichen verloren 2 Leute,

586 525 3177 176 welche Kräuter suchten. In der Mitte des Talbodens nahe

569 681 3222 168 dem Lilimbe unabgebrannte hohe Grasstengel, die ein

554 892 3364 122 Überschreiten der Fläche verhinderten. Nach NO schien sich aus

600 1055 3170 131 der gleich bleibenden Ebene der Kipini wie ein Insel„

572 1214 3304 145 berg herauszuheben. Schwierige Passage auf schmalem schlüpf„

598 1387 3184 135 rigem Baum über das ziemlich reichliche Wasser. Weiß

603 1556 3268 131 der Himmel, wie die Leute die Lasten hinübergebracht

626 1734 3127 160 haben! Über eine Anhöhe mit sehr dichtem Busch nach

641 1923 3256 137 Hangambale am Rande der Grassteppe zwischen Lilimbe

673 2077 2865 141 u. Mambi. Da hübsches Plätzchen, schlug ich Lager auf.

800 2245 3093 138 Um 1 kommt Einer angestürzt: Barappi-Herde. Hinein

601 2419 3241 131 in die Glut, über Lilimbe in hohes Gras. Vom Waldrande

578 2574 3293 144 hatten wir die Tiere stehen sehen, jetzt konnte sie d. Führer

568 2744 3283 144 kaum von einem Baum aus wieder finden. Ich schlich

571 2908 3261 146 triefend heran, immer in Sorge sie würden abgehen. Nun

587 3078 3270 142 sah ich einige, ging vorsichtig bis zu einem Baum vor u. schoß.

599 3220 3280 158 Da sauste eine Herde von mindestens 40 Stück auf. Schoß

599 3374 3206 179 noch mehrmals bei immer wachsender Entfernung

617 3549 3292 172 u. bemerkte, daß ich diese schon das erste Mal weit unter„

587 3691 3100 195 schätzt habe. Vermutlich ist keine Kugel hingelangt, zu

600 3854 3235 203 meiner Freude fanden wir auch kein Blut, nachdem die

660 4036 3150 199 Tiere immer wieder stehen geblieben waren u. endlich

651 4197 3290 192 in langen Sätzen abgingen. Meist sah man nur die schönen

618 4442 404 108 Köpfe.

859 4487 2954 166 Abends plauderten wir vor'm Zelt, da sehe ich plötzlich

635 4651 3228 150 eine Herde schwarzer Tiere vorn durch die Steppe ziehen; es
