4292 5213
3701 258 238 248 145

443 285 3020 280 so bekam er von Jedem 2 Schuß; ich ließ ihn daher v. Staff.

594 452 2021 249 Abfertigung der Europa-Post. Schach.

517 592 3368 227 Furtw. etwas höheres Fieber gegen Abend, dann Schweißausbruch.

727 785 3051 225 3.VII: Furtw. aufgestanden, aber nicht wohl, allmählicher

517 939 3309 219 Verdacht auf Rückfallfieber, da er auf d. Hermarsch Zecken

538 1081 3330 220 bekommen hat. Wir sind also eigentlich doch wieder nur zu

535 1209 324 199 zweit.

272 1323 3490 209 (29.VI: (?) 4.VII. Bei Skelett S kam ich grade in d. Augenblick, als ein

578 1457 3193 173 Schädelstück mit Zähnen aufgedeckt wurde. Bis nach 1 im

547 1577 2931 277 Graben gesessen, zum Glück bedeckt. Setzte Boheti an.

647 1761 3145 197 5.VIII. Wieder am Schädel, wo noch mehr herauskommt,

557 1852 1810 289 freilich verflucht hartes Gestein

607 2047 3144 236 6.VIII. Signale zum Triangulieren am Lipogiro angebracht

557 2209 3214 193 u. mit Theoduliten gepeilt. Schädel recht erfreulich, wenn auch

524 2307 3063 238 in Stücken. Viel Zähne. Furtw. dauernd nicht recht wohl.

593 2473 3203 225 7.VIII. Über Kipande-Nangulule auf Namunda, da am Mahimbwi

520 2631 3339 233 noch nicht gebrannt. Route aufgenommen, ein schweres Stück

512 2763 3175 207 Arbeit auf den Wegen; z. T. mußte ich, da sonst nichts zu

539 2955 3253 198 sehen, die Richtung auf d. Gesang meiner vorangehenden

540 3071 3245 251 Träger nehmen. Obendrein d. Ebene in Nebel, so daß ich

518 3226 3396 222 v. d. Höhe aus die Inselberge nicht anpeilen konnte. Profil

508 3373 3442 213 durch die ganze Kreide-Folge, doch keine gesonderte Nkanga-Sandst.-

502 3516 3404 209 Schicht. Auf d. Namunda im Lauf des Tages nach O, S u. W ge„

510 3658 3473 266 peilt, immer von getrennten Stellen, da man dicht am Plateau„

524 3814 3373 181 rande stehen kann ohne in d. Busch hingelangen zu können.

497 3921 3477 246 Es ist, wie ich heut erst merkte, ein ganz kleines Viereck, ein

499 4042 3356 236 Aussichtsturm in d. Mitte müßte eine prächtige Rundsicht ge„

494 4196 3287 239 währen u. wäre außerdem eine prächtige Heliographen-

475 4326 3472 238 Station. Wenn dies Viereck mit lichtem, hohem Buchwald

447 4481 3438 218 bestanden wäre! Deutsche Heimat, schöner bist du doch als

448 4589 3055 276 die Tropen in Samt und Seide u. üppiger Spezerei!

629 4765 3098 230 Abend: interessante Ngoma mit Tanzrasseln, die ich mir für
