4293 5214
3804 263 120 122 97

427 388 3370 163 boden, doch unterwegs noch mehmals eingeregnet. Rast

481 568 3468 170 in Meuta. In den folgenden vielfach gequerten Tälern einige

500 717 3242 159 Aufschlüsse der Kreide. Im Dorf Kihaha nur ein altes Weib,

549 890 3349 141 anscheinend waren die übrigen Bewohner geflohen. Da keine Aus„

490 1050 3138 171 kunft zu haben war, nahm ich nach der Karte an, auf dem

516 1242 3431 174 Mbuto sei ein Dorf u. marschierte den Steilhang hinauf.

515 1441 3500 151 Nur wildester Makonde-Busch, da offenbar große menschen„

549 1611 3488 152 leere Strecke vor uns, kehrte ich um u. blieb in Kihaha (an 12 Uhr)

677 1776 3322 141 Erfuhr, daß pelele nicht, wie Weule behauptet, die Lippen„

529 1948 3492 128 scheibe der Wamakonde sei (ndonya), sondern ein Ohrenschmuck

541 2106 3435 125 im Anfangsstadium. Weule's Arbeit erscheint mir immer

540 2267 3010 137 mehr als thörichte Pfuscherei u. Selbstbelobhudelung.

652 2439 3160 142 4.II: Barrabarra durch den Busch auf Plateaustück hin,

498 2601 3349 139 sie endete dann plötzlich in bloße Schenzi-Pfade beim Ab„

552 2729 3253 168 stieg, doch war es nicht mehr weit bis zum Rande

488 2888 3464 187 d. Grasebene. Ging hier mit Boy, Führer u. „paläontol. Funde“

519 3043 3428 189 rechts ab. Schon nach wenigen Schritten riefen mich meine

515 3218 3344 190 Begleiter an. Auf der Anhöhe rechts vor uns stand ein

540 3378 3149 200 Barappi. Es war mir zum Schießen zu weit u. zum

523 3582 3383 147 Anschleichen nicht ein Busch, ging ungedeckt langsam in d.

481 3752 3337 136 Richtung vor, doch beäugte es uns stark u. ging ab. Nun

523 3916 3274 145 schnell hinterher bis zur Höhe. Wieder stand es auf der

519 4068 3220 141 nächsten, ziemlich fern, doch schoß ich, der Atem ging zu

521 4231 3250 145 schnell zu ruhigem Zielen, ich fehlte es. Nun jagte es ab

565 4396 3298 154 in die weite Ebene vor uns. Ich folgte schnell dahin

497 4575 3317 124 wo es gestanden hatte u. wo alles Land zu übersehen

506 4732 3300 110 war. Das Tier war wie im Erdboden verschwunden.
