4292 5213
3981 216 58 112 89

684 271 3266 149 Stegosaurier-Phalangen aus Graben X geborgen, da kräftiger

517 414 3210 178 Regen vom W durch S nach O nahe vorbeizog u. auch uns

637 580 3454 161 zeitweilig bedrohte. Nachm. Regen im N, nach W weiterziehend.

782 793 3204 144 21. Dez. Um doch Hrn. Schultze zum Barappi-Braten zu verhelfen,

562 944 3407 160 morgens in d. Forst zwischen Mahimbwi u. Namunda, wo wir dies

558 1110 3454 183 Jahr unverantwortlich selten waren. Fand bald eine Einzelspur

512 1290 3302 154 u. folgte lange all ihren Krümmungen u. Schlingen, die

505 1425 3552 165 sorgfältig unbequeme Wege, Wasserrisse u. s. w. vermieden, schließ„

525 1575 3540 174 lich aber doch in d. alte Standquartier der Tiere führten. Hier

539 1709 3380 174 viele frische Spuren, so daß keine Richtung als die letzte er„

519 1857 3432 173 kannt werden konnte. Ich folgte wieder Einzelspuren bis in

507 2015 3386 167 d. Beginn des hügligen Geländes, wohin das Feuer kaum

489 2125 3430 194 gedrungen ist. Nahe dem Rande des Grases sah ich denn auch

513 2281 3408 180 plötzlich, als ich eine Anhöhe erstieg, von d. andern Seite ein

514 2446 3372 164 Gehörn auftauchen, riß d. Gewehr hoch u. rührte mich nicht. Jetzt

505 2591 3578 195 stand das Tier da, aber d. vielen Bäumchen u. Zweige verdeckten

488 2724 3469 187 d. Blatt beim Schreiten. Endlich - ich fürchtete jeden Augenblick,

515 2874 3440 173 es müsse mich sehen u. abgehen, - kam ich zu Schuß. Ein Sprung,

531 3044 3394 156 wenige Schritte auf d. Höhe, hinterdrein plötzlich eine ganze

542 3196 3359 164 Herde sehr junger Tiere. Alle blieben ganz nahe stehen u.

517 3364 3563 165 sahen uns an, konnten uns aber offenbar nicht erkennen,

522 3519 3503 161 da wir uns nicht rührten. Ich schoß wieder, abermals einige

579 3690 3447 144 Schritte noch näher heran, die andern blieben stehen. Wieder

535 3844 3249 157 war d. Tier verdeckt, wieder schoß ich, da ging die

486 4017 3593 146 Herde ab - und noch einmal, da wollte mein Opfer

479 4139 3292 175 davon, taumelte u. fiel. Alle 4 Schüsse saßen vor„

531 4274 3232 205 trefflich im Blatt! Das macht zur Büffeljagd wenig

543 4446 3414 208 Courage, wenn die Wirkung nicht besser ist. Sah die Herde

523 4617 3397 185 noch einmal garnicht weit im Gras, kehrte aber um, als

492 4761 3287 181 sie abging, weil es lauter Junge waren. ½ 10 im Lager;
