<?xml version="1.0" encoding="UTF-8"?>
<alto xmlns:xsi="http://www.w3.org/2001/XMLSchema-instance"
      xmlns="http://www.loc.gov/standards/alto/ns-v2#"
      xmlns:page="http://schema.primaresearch.org/PAGE/gts/pagecontent/2013-07-15"
      xsi:schemaLocation="http://www.loc.gov/standards/alto/ns-v2# http://www.loc.gov/standards/alto/alto.xsd">
   <Description>
      <MeasurementUnit>pixel</MeasurementUnit>
      <OCRProcessing ID="IdOcr">
         <ocrProcessingStep>
            <processingDateTime>2021-02-02T10:01:29.508+01:00</processingDateTime>
            <processingSoftware>
               <softwareCreator>READ COOP</softwareCreator>
               <softwareName>Transkribus</softwareName>
            </processingSoftware>
         </ocrProcessingStep>
      </OCRProcessing>
   </Description>
   <Layout>
      <Page ID="Page1" PHYSICAL_IMG_NR="1" HEIGHT="5213" WIDTH="4292">
         <TopMargin HEIGHT="0" WIDTH="4292" VPOS="0" HPOS="0"/>
         <LeftMargin HEIGHT="5213" WIDTH="0" VPOS="0" HPOS="0"/>
         <RightMargin HEIGHT="5213" WIDTH="0" VPOS="0" HPOS="4292"/>
         <BottomMargin HEIGHT="0" WIDTH="4292" VPOS="5213" HPOS="0"/>
         <PrintSpace HEIGHT="5213" WIDTH="4292" VPOS="0" HPOS="0">
            <TextBlock ID="r5" HEIGHT="4795" WIDTH="3697" VPOS="204" HPOS="332">
               <Shape>
                  <Polygon POINTS="332,204 332,4999 4029,4999 4029,204"/>
               </Shape>
               <TextLine ID="r5l1"
                         BASELINE="321"
                         HEIGHT="117"
                         WIDTH="100"
                         VPOS="204"
                         HPOS="3857">
                  <String ID="string_r5l1"
                          HEIGHT="117"
                          WIDTH="100"
                          VPOS="204"
                          HPOS="3857"
                          CONTENT="73"/>
               </TextLine>
               <TextLine ID="r5l2"
                         BASELINE="472"
                         HEIGHT="165"
                         WIDTH="3473"
                         VPOS="307"
                         HPOS="332">
                  <String ID="string_r5l2"
                          HEIGHT="165"
                          WIDTH="3473"
                          VPOS="307"
                          HPOS="332"
                          CONTENT="da bedeckt, fühlte aber Kopfschmerz. Wieder Chinin geschluckt."/>
               </TextLine>
               <TextLine ID="r5l3"
                         BASELINE="605"
                         HEIGHT="143"
                         WIDTH="3540"
                         VPOS="462"
                         HPOS="439">
                  <String ID="string_r5l3"
                          HEIGHT="143"
                          WIDTH="3540"
                          VPOS="462"
                          HPOS="439"
                          CONTENT="Nach Tisch doch noch zu Skelett A, aber sehr enttäuscht, viel Bruchstücke."/>
               </TextLine>
               <TextLine ID="line_1566376304612_212"
                         BASELINE="756"
                         HEIGHT="150"
                         WIDTH="3442"
                         VPOS="606"
                         HPOS="443">
                  <String ID="string_line_1566376304612_212"
                          HEIGHT="150"
                          WIDTH="3442"
                          VPOS="606"
                          HPOS="443"
                          CONTENT="Poscho-Zahlung. Abends starke Kopfschmerzen, sehr früh zu Bett."/>
               </TextLine>
               <TextLine ID="r5l6"
                         BASELINE="909"
                         HEIGHT="148"
                         WIDTH="3022"
                         VPOS="761"
                         HPOS="781">
                  <String ID="string_r5l6"
                          HEIGHT="148"
                          WIDTH="3022"
                          VPOS="761"
                          HPOS="781"
                          CONTENT="Morgens d. Meldung, daß ein Leopard ein Huhn geraubt"/>
               </TextLine>
               <TextLine ID="line_1566376327568_221"
                         BASELINE="1084"
                         HEIGHT="187"
                         WIDTH="3198"
                         VPOS="897"
                         HPOS="555">
                  <String ID="string_line_1566376327568_221"
                          HEIGHT="187"
                          WIDTH="3198"
                          VPOS="897"
                          HPOS="555"
                          CONTENT="hatte; der treue „Jumbe“ hatte sogar auf ihn geschossen. Ich"/>
               </TextLine>
               <TextLine ID="r5l9"
                         BASELINE="1225"
                         HEIGHT="182"
                         WIDTH="3269"
                         VPOS="1043"
                         HPOS="453">
                  <String ID="string_r5l9"
                          HEIGHT="182"
                          WIDTH="3269"
                          VPOS="1043"
                          HPOS="453"
                          CONTENT="war Nachts einmal hochgefahren, als hätte ich einen Schuß"/>
               </TextLine>
               <TextLine ID="r5l10"
                         BASELINE="1393"
                         HEIGHT="162"
                         WIDTH="3207"
                         VPOS="1231"
                         HPOS="489">
                  <String ID="string_r5l10"
                          HEIGHT="162"
                          WIDTH="3207"
                          VPOS="1231"
                          HPOS="489"
                          CONTENT="gehört, da aber alles still blieb, glaubte ich eine Ratte"/>
               </TextLine>
               <TextLine ID="r5l11"
                         BASELINE="1589"
                         HEIGHT="200"
                         WIDTH="3534"
                         VPOS="1389"
                         HPOS="495">
                  <String ID="string_r5l11"
                          HEIGHT="200"
                          WIDTH="3534"
                          VPOS="1389"
                          HPOS="495"
                          CONTENT="hätte etwas herunter geworfen u. schlief sofort wieder ein."/>
               </TextLine>
               <TextLine ID="line_1566380482098_340"
                         BASELINE="1792"
                         HEIGHT="198"
                         WIDTH="3101"
                         VPOS="1594"
                         HPOS="626">
                  <String ID="string_line_1566380482098_340"
                          HEIGHT="198"
                          WIDTH="3101"
                          VPOS="1594"
                          HPOS="626"
                          CONTENT="Sonntag 4. Dez: Herrlicher Sonntagsmorgen auf d."/>
               </TextLine>
               <TextLine ID="r5l14"
                         BASELINE="2016"
                         HEIGHT="219"
                         WIDTH="3329"
                         VPOS="1797"
                         HPOS="565">
                  <String ID="string_r5l14"
                          HEIGHT="219"
                          WIDTH="3329"
                          VPOS="1797"
                          HPOS="565"
                          CONTENT="Berge, heut Ruhetag, da mir irgend etwas in d. Knochen"/>
               </TextLine>
               <TextLine ID="r5l15"
                         BASELINE="2199"
                         HEIGHT="216"
                         WIDTH="3325"
                         VPOS="1983"
                         HPOS="539">
                  <String ID="string_r5l15"
                          HEIGHT="216"
                          WIDTH="3325"
                          VPOS="1983"
                          HPOS="539"
                          CONTENT="sitzt, ich weiß nicht was. Nur gelesen. Zum vollen Genuß"/>
               </TextLine>
               <TextLine ID="line_1566380489580_346"
                         BASELINE="2370"
                         HEIGHT="192"
                         WIDTH="2852"
                         VPOS="2178"
                         HPOS="503">
                  <String ID="string_line_1566380489580_346"
                          HEIGHT="192"
                          WIDTH="2852"
                          VPOS="2178"
                          HPOS="503"
                          CONTENT="kam ich auch heut nicht. Abends Fieber (38,2°)"/>
               </TextLine>
               <TextLine ID="r5l18"
                         BASELINE="2556"
                         HEIGHT="219"
                         WIDTH="3081"
                         VPOS="2337"
                         HPOS="664">
                  <String ID="string_r5l18"
                          HEIGHT="219"
                          WIDTH="3081"
                          VPOS="2337"
                          HPOS="664"
                          CONTENT="5. Dez. Nachts wieder heftigster Durchfall. Mußte jedoch"/>
               </TextLine>
               <TextLine ID="r5l19"
                         BASELINE="2725"
                         HEIGHT="204"
                         WIDTH="3203"
                         VPOS="2521"
                         HPOS="542">
                  <String ID="string_r5l19"
                          HEIGHT="204"
                          WIDTH="3203"
                          VPOS="2521"
                          HPOS="542"
                          CONTENT="morgens aufstehen, Briefe zu schreiben u. Lasten abzu„"/>
               </TextLine>
               <TextLine ID="r5l20"
                         BASELINE="2891"
                         HEIGHT="212"
                         WIDTH="3104"
                         VPOS="2679"
                         HPOS="568">
                  <String ID="string_r5l20"
                          HEIGHT="212"
                          WIDTH="3104"
                          VPOS="2679"
                          HPOS="568"
                          CONTENT="fertigen. Fühlte mich so unwohl u. schwach, daß ich gleich"/>
               </TextLine>
               <TextLine ID="r5l21"
                         BASELINE="3056"
                         HEIGHT="197"
                         WIDTH="3251"
                         VPOS="2859"
                         HPOS="538">
                  <String ID="string_r5l21"
                          HEIGHT="197"
                          WIDTH="3251"
                          VPOS="2859"
                          HPOS="538"
                          CONTENT="wieder zu Bett ging. Nichts gegessen. Eigentlich Dämmer„"/>
               </TextLine>
               <TextLine ID="r5l22"
                         BASELINE="3213"
                         HEIGHT="191"
                         WIDTH="3181"
                         VPOS="3022"
                         HPOS="556">
                  <String ID="string_r5l22"
                          HEIGHT="191"
                          WIDTH="3181"
                          VPOS="3022"
                          HPOS="556"
                          CONTENT="zustand bis auf die zahlreichen unerwünschten Unter„"/>
               </TextLine>
               <TextLine ID="r5l23"
                         BASELINE="3394"
                         HEIGHT="127"
                         WIDTH="658"
                         VPOS="3267"
                         HPOS="541">
                  <String ID="string_r5l23"
                          HEIGHT="127"
                          WIDTH="658"
                          VPOS="3267"
                          HPOS="541"
                          CONTENT="brechungen."/>
               </TextLine>
               <TextLine ID="line_1566380502760_353"
                         BASELINE="3546"
                         HEIGHT="186"
                         WIDTH="3008"
                         VPOS="3360"
                         HPOS="610">
                  <String ID="string_line_1566380502760_353"
                          HEIGHT="186"
                          WIDTH="3008"
                          VPOS="3360"
                          HPOS="610"
                          CONTENT="6 Dez. Wieder schlechte Nacht, doch bei Tage Ruhe. Im"/>
               </TextLine>
               <TextLine ID="r5l26"
                         BASELINE="3680"
                         HEIGHT="180"
                         WIDTH="3127"
                         VPOS="3500"
                         HPOS="524">
                  <String ID="string_r5l26"
                          HEIGHT="180"
                          WIDTH="3127"
                          VPOS="3500"
                          HPOS="524"
                          CONTENT="Liegestuhl geblieben, nicht zu den Arbeiten. Gelesen."/>
               </TextLine>
               <TextLine ID="r5l27"
                         BASELINE="3865"
                         HEIGHT="208"
                         WIDTH="2854"
                         VPOS="3657"
                         HPOS="497">
                  <String ID="string_r5l27"
                          HEIGHT="208"
                          WIDTH="2854"
                          VPOS="3657"
                          HPOS="497"
                          CONTENT="Abends fühlte ich mich verhältnismäßig wohl."/>
               </TextLine>
               <TextLine ID="r5l28"
                         BASELINE="3904"
                         HEIGHT="124"
                         WIDTH="1295"
                         VPOS="3780"
                         HPOS="1161">
                  <String ID="string_r5l28"
                          HEIGHT="124"
                          WIDTH="1295"
                          VPOS="3780"
                          HPOS="1161"
                          CONTENT="Szene zum „Jesus“ vorm."/>
               </TextLine>
               <TextLine ID="line_1566380516987_359"
                         BASELINE="4046"
                         HEIGHT="206"
                         WIDTH="3323"
                         VPOS="3840"
                         HPOS="570">
                  <String ID="string_line_1566380516987_359"
                          HEIGHT="206"
                          WIDTH="3323"
                          VPOS="3840"
                          HPOS="570"
                          CONTENT="7. Dez. Zu einigen  nahen Gräben, noch sehr schwach."/>
               </TextLine>
               <TextLine ID="r5l31"
                         BASELINE="4230"
                         HEIGHT="237"
                         WIDTH="3380"
                         VPOS="3993"
                         HPOS="551">
                  <String ID="string_r5l31"
                          HEIGHT="237"
                          WIDTH="3380"
                          VPOS="3993"
                          HPOS="551"
                          CONTENT="8 Dez. Wieder munter, schonte mich aber noch. Bis zu den"/>
               </TextLine>
               <TextLine ID="r5l32"
                         BASELINE="4362"
                         HEIGHT="212"
                         WIDTH="3359"
                         VPOS="4150"
                         HPOS="568">
                  <String ID="string_r5l32"
                          HEIGHT="212"
                          WIDTH="3359"
                          VPOS="4150"
                          HPOS="568"
                          CONTENT="Gräben im Mahimbwi-Tal. Vorm. Nord- (fast NNO-) Wind."/>
               </TextLine>
               <TextLine ID="r5l33"
                         BASELINE="4498"
                         HEIGHT="200"
                         WIDTH="3340"
                         VPOS="4298"
                         HPOS="569">
                  <String ID="string_r5l33"
                          HEIGHT="200"
                          WIDTH="3340"
                          VPOS="4298"
                          HPOS="569"
                          CONTENT="Mittags sehr heiß (33 ½°) Bald darauf Gewitter im Norden"/>
               </TextLine>
               <TextLine ID="r5l34"
                         BASELINE="4660"
                         HEIGHT="220"
                         WIDTH="3142"
                         VPOS="4440"
                         HPOS="543">
                  <String ID="string_r5l34"
                          HEIGHT="220"
                          WIDTH="3142"
                          VPOS="4440"
                          HPOS="543"
                          CONTENT="u. fern im Osten, Bewölkung, im Nu zog sich ein Gewitter"/>
               </TextLine>
               <TextLine ID="r5l35"
                         BASELINE="4777"
                         HEIGHT="199"
                         WIDTH="3324"
                         VPOS="4578"
                         HPOS="539">
                  <String ID="string_r5l35"
                          HEIGHT="199"
                          WIDTH="3324"
                          VPOS="4578"
                          HPOS="539"
                          CONTENT="über den Namunda u. Ngwanja zusammen, wo es wohl fast"/>
               </TextLine>
               <TextLine ID="line_1566380559149_364"
                         BASELINE="4938"
                         HEIGHT="146"
                         WIDTH="3486"
                         VPOS="4792"
                         HPOS="539">
                  <String ID="string_line_1566380559149_364"
                          HEIGHT="146"
                          WIDTH="3486"
                          VPOS="4792"
                          HPOS="539"
                          CONTENT="1 Std. stand. Janensch noch nicht zurück. Kein Mtama mehr!"/>
               </TextLine>
               <TextLine ID="r5l38"
                         BASELINE="4999"
                         HEIGHT="86"
                         WIDTH="2195"
                         VPOS="4913"
                         HPOS="682">
                  <String ID="string_r5l38"
                          HEIGHT="86"
                          WIDTH="2195"
                          VPOS="4913"
                          HPOS="682"
                          CONTENT="Schwarze Segler wie d. Berliner in Scharen eingetroffen."/>
               </TextLine>
            </TextBlock>
         </PrintSpace>
      </Page>
   </Layout>
</alto>
