4292 5213
296 307 162 66 54

602 263 3265 169 17 Oct. Einpacken d. Lasten begonnen. Halswirbel glücklich ange„

3653 335 354 89 kommen.

829 400 2865 172 Ich komme immer zu Vollmond nach Lindi. Un„

698 572 3135 190 vergleichliche Abende an der Bucht. Gemütliche Abend„

655 793 544 128 schoppen.

970 890 2698 154 An 500 Lasten verpackt, Kisten vernagelt u. mit

692 1008 3064 145 Bandeisen versehen. Für d. Halswirbel besondere Kiste

699 1150 1290 146 nach Maß angefertigt.

934 1251 2876 181 Noch immer Pestratten von Zeit zu Zeit. Sah mir

620 1406 3151 206 Dr. Wolff's schöne Praeparate an, auch ein Schlafkrankheits„

642 1556 3165 212 trypanosom von einem kürzlich hier vorgekomme„

675 1691 3160 205 nen Fall, der mir recht bedeutungsschwer erscheinen

677 1925 317 109 will.

796 1998 2938 212 21 Oct. ½ 6 ab Lindi an der Bucht über d. Kitulo nach

646 2153 2920 201 Yangwani. Recht heiß, bin froh ein Dach für das

654 2302 2920 221 Zelt vorzufinden: Abends Verdauungsstörung,

662 2453 2658 215 Magenschmerzen. Außerordentlich viel Raubvögel.

765 2591 2941 279 22 Oct. Fühlte mich etwas schwach u. hinsichtlich des

665 2744 2890 244 Magens schonungsbedürftig. War daher ganz froh,

691 2902 3055 234 schon gegen 9 in Pilepile einzutreffen, wo das Zelt

691 3060 2883 247 unter herrlichen Mango-Bäumen mit Blick in's

671 3220 3039 268 Namgaru-Tal aufgestellt wurde. Von Yangwani ab

679 3381 3171 266 ständig, aber unmerklich aufwärts bis Kidete, welcher

674 3541 3073 271 Name meinen Leuten nicht geläufig war. Dann

666 3700 3065 276 Übergang über d. Nambawala-Plateau (ähnliche Ortsbe„

622 3886 3234 249 zeichnungen nach Tieren: Nambango, Nangulure, Namba

668 4067 3115 231 rappi) Diese Vorstufen-Plateaus, auf d. Karte ganz los„

668 4217 3094 225 gelöst gezeichnet, schließen offenbar an d. höhere

627 4397 2934 236 Noto an, auch Lutende dürfte dazu gehören. Einer

589 4581 3120 192 Meeresabrasion hat es zu ihrer Bildung nicht be„
