4292 5213
3720 225 283 160 155

549 299 3456 277 Wangoni nur ¾ Std. entfernt in Makangaga Lager errichtet

526 482 3276 260 hätten u. ging dorthin. Zu meinem höchsten Entsetzen noch

504 626 3264 283 alles Gras ganz grün u. an Brennen vorerst nicht zu

525 873 497 198 denken.

760 1020 2851 285 Makangaga - ein Nebenfluß d. Linganla mit einem

581 1198 3069 282 Sumpfsee (vgl. Makangaga des Pindiro!), dicht dabei auf

607 1369 3090 275 einer flachen Erhebung d. Lager. Da Wasser reichlich, ein

580 1571 3052 251 schwacher Blick auf Kiturika u. andre Erhebungen nicht

578 1717 3047 232 in d. Nähe, die Besseres versprächen, schlug ich ebenfalls

602 1914 3084 260 dort mein Zelt u. einem großen belaubten Baume

598 2068 3170 282 auf. Zahlreiche umgestürzte Bäume u. Elephantenspuren

585 2295 3218 170 aller Art. Auch Löwen u. allerhand Wild sollen sehr

615 2441 3230 240 reichlich sein. Nun dann ist's wenigstens rechte, echte

614 2610 3123 267 Wildnis, in der ich nun nochmals Fuß fassen soll!
