4292 5213
3888 254 100 50 57

409 303 3610 94 sich auch der sehr reizvolle, aber durch Steilheit u. Sonnenbrand

443 409 3369 146 etwas anstrengende Weg. Oben am Rande weiter Blick

489 524 3383 166 nach Osten, wo sich ganz matt ein winziges Stückchen

522 692 3502 156 Meer kaum vom Himmel abhob. Dann noch ca 3-4 km

518 877 3217 128 (35 Min) ebener Weg nach W. dicht am Plateaurand mit

497 1039 3332 117 spärlichen Blicken zum  Noto hinüber. Beim Jumben

523 1196 3402 134 um 940h. Hätte vielleicht noch weiter gehen können,

524 1360 3506 127 doch wollte ich die Höhe u. d. gedeckte Schaurihalle auskosten.

525 1531 3452 109 Eigenartige Gehöftanlage am Ende einer schnurgraden

569 1709 3151 94 mächtigen Barrabarra, die von N herauf kommt:

1172 1825 277 56 Schauri-

1165 1906 162 36 Halle

1555 1874 234 53 Wohn-

1598 2131 214 52 Häuser

2226 2043 582 108 Barrabarra

1058 2187 213 115 Jumbe

1095 2375 153 100 Hof

1502 2328 2451 50 Der Jumbe hatte ein stattliches, sehr hohes

1428 2447 302 102 Haus.

633 2633 3185 131 Nachm. auf d. Barrabarra nach N, um Kleinwild zu suchen,

538 2772 3331 147 fand aber auf beiden Seiten zusammenhängenden undurch„

535 2927 3424 138 dringlichen Busch. Die Straße führte mit einer schwachen Wendung

552 3102 3394 115 nach etwa 1 km. unerwartet an den hier nach O. eingezo„

595 3247 3341 106 genen Plateaurand u. stieg hier nach N. in d. Richtung

584 3383 3401 130 auf Matapua hinab. Es eröffnete sich ein schöner freier Rund„

539 3523 3358 153 blick auf das Schwesterplateau u. 3 charakteristische Berge an

553 3665 3275 161 seinem Nord-Ende, sowie auf das Mbenkuru-Land

531 3823 3264 165 bis zum Ruawa u. Mbalawala. Das Tal von Matapua

548 3972 3345 174 war nicht mit Sicherheit herauszufinden. Einige Anpei„

570 4195 460 107 lungen.

873 4316 3144 142 24. Oct. Um 4 aufgestanden, Mondschein schon schwächer. Fühlte

539 4471 3458 153 beim Waschen plötzlich einen scharfen Stich im Fuß u. wäh„

519 4612 3282 146 rend ich ihn hob, mehrere zugleich im andern. Imı

514 4773 3363 139 selben Augenblick war auch das Zelt bereits von großen
