4292 5213
3864 331 69 53 1

945 294 2974 125 Zweite Campagne der Tendaguru-Expedition.

1727 628 726 70 1910.

644 721 3148 182 29. April. ½5 aufgestanden, der Komet wieder schön zu

622 887 3293 187 sehen. Trotz vieler Träger mußten d. Lasten sorgfältig im

598 1037 3319 199 Einzelnen verteilt werden, damit nichts wichtiges

634 1195 3372 199 zurückblieb. Daher erst gegen 7 fortgekommen, ich mit

620 1358 3376 196 Wilhelm voraus. Den herrlichen Sonnenmorgen hatte

611 1498 3214 206 ich nicht voll genießen können, doch der Vormittag

657 1647 3382 212 holte es nach. Seit gestern ganz unvermittelt reines

632 1820 3393 194 Trockenheitswetter, daher auf d. Kitulo verhältnismäßig

684 1996 3194 184 wenig morastig. Im sandigen Tal von Namembo

668 2161 3258 188 ganz trocken. Rast vor d. Hause eines Suaheli, der in

649 2324 3360 170 unserm Lager einen Kramladen zu eröffnen wünscht.

651 2489 3328 163 Kokosnüsse, Bananen. Aufstieg zum Lutende verhältnis„

625 2648 3329 169 mäßig fast kühl zu nennen. Oben heftiger Wind, so

626 2792 3232 195 daß mir eigentlich kalt war, aber es ist schon der

629 2946 3381 188 Südost! Mein Moskitonetz verschwunden, aber hier u. auf

602 3123 3402 183 Noto kann ich es ruhig entbehren u. am Tendaguru liegt

636 3318 996 127 eins zur Reserve.

756 3446 3295 177 30. April. Marsch zum Noto-Jumben Mwenjedadi. Am Nkanga

585 3583 3278 201 lange auf Apparat gewartet, den Ali trug. Die Mtama-

611 3725 3320 226 Felder mit über 4 m. hohen Ähren kommen mir uner„

597 3881 3180 223 wartet hoch vor, sollen aber normal stehen. Der

612 4063 3307 183 Jumbe hat mit Bieneneifer alles zum Empfang vor„

629 4215 3328 185 bereitet, ein höchst brauchbarer Mensch. Gegen Abend

639 4377 3410 175 eine Viertelstunde nach S. zum Steilabsturz mit prächtigem

619 4538 3312 180 Blick auf die gegenüber liegenden Plateauränder u.

644 4688 3056 183 Lutamba-Tal. Newala-Sandstein unter starker gelblich
