4293 5213
3765 165 232 223 125

414 232 3426 257 gebiet. Südlicher sollte eine baumleere Sumpffläche Makomba

409 417 3425 266 liegen, hoffte dort auf Wild, konnte aber nicht hingelangen.

437 562 3506 241 Gras sehr hinderlich, ein Riedbock setzte davon, war aber nur

466 727 1571 251 während d. Sprunges sichtbar.

588 839 3292 290 18. Apr: Über d. Kissuka-Bach durch Grasebene (ohne Wild) ¾ Std. bis zu

459 1064 3366 204 einem Jumben (trug wegen des Taus d. Regenmantel, aber es drang

499 1177 3100 197 doch durch), bald danach ein weiterer anscheinend in

494 1336 3363 276 Einzelsiedelungen, über den Msua, aber auch sonst durch

494 1534 3287 148 Wasser. Von d. sumpfigen Flächen aus sah man östlich eine

493 1657 3439 217 langgestreckte Erhebung, genannt Mátuli, es erwies sich, daß

484 1764 3538 224 es der Beginn der braunen Sandsteine war, die also hier wie

483 1904 3376 267 beim Fungafunga mit Plateaurand (Verwerfung?) absetzen.

480 2058 3475 239 Nicht hinauf, sondern rechts ab abermals über, nein jetzt wirklich durch

488 2189 3282 274 den metertiefen Msua, bis zur großen Bagamoyo-Straße, auf

484 2400 3520 227 dieser nach Kissemo. Am Wege einmal brauner Sandstein oben

515 2487 3468 345 mit glänzender schwarzer Schicht überzogen, wie es Janensch im

481 2679 3438 271 Karroo der Pangani-Fälle im Großen gesehen hat; auch hier

521 2811 3225 333 Tätigkeit des fließenden Wassers, es schien mir auf d. Weg

497 3028 3490 258 beschränkt, doch sieht man ja im Grase nicht. An d. Grenze von

498 3201 3468 237 Kissemo macht d. Barrabarra eine niedrige Stufe, ist sogar ein

511 3412 3417 236 wenig in diese eingeschnitten u. da war es auffällig, daß

521 3513 3367 217 nicht wie bisher überall die braunen Sandsteine zum Vorschein

510 3714 3344 226 kamen, sondern nur Sand u. Kiese. Darunter lag Ton, so daß

500 3823 2446 306 ich anfangs eine Verwerfung vermutete.

701 3974 3044 257 Kissemo ist eine wannenförmige, zur Zeit sehr sumpfige

520 4121 3436 270 Erweiterung des Kulambili-Tales in diesem Ton. Der Akide hat

528 4294 3409 184 ein Gehöft am rechten Ufer, so daß wir durch den Dr... hindurch„

514 4490 3462 195 mußten. Abends natürlich viel Mücken, so daß keiner von den

487 4569 3464 186 Leuten schlafen konnte. Sonst aber hübsches Plätzchen unter Kaut„

487 4754 3370 205 schuk-Bäumchen mit Blick auf weite grüne Flächen u. Wälder im
