4292 5213
3885 261 102 125 91

443 321 3363 138 in diese 60 m. hohen Massen durch ein verhältnismäßig schwaches

462 497 3556 132 Tor ein. Auffallend auch, daß fast gleicher Steilabfall nach W. statthat.

424 651 3595 135 Einbruchskessel? Aufgabe der nächsten Tage, die meine Route abermals

451 802 3594 145 ändert. Mittags den ersten Regen dieser Safari, u. schwach.

576 985 3380 161 16.I. Träger nach Matapua direkt. Ich über Ukulinga zum Vergleich des

455 1159 3428 156 Profils nach Mitumbati-Matarawe. Gras sehr hoch u. Abkürzungs„

488 1306 3463 178 wege nirgends vorhanden, selbst die Barrabarras verwachsen.

519 1457 3304 173 Mußte erst 2 mal üb. d Mtarika. Beim Aufstieg zwei ge„

494 1610 3163 200 trennte Schichten Oolith, die Bornhardt's Verwerfung bei

476 1795 3502 192 Matarawe überflüssig machen. Ein Stück am r. Mbenkuru-Ufer

515 1973 3281 166 abwärts, dann d. Matarawe aufwärts. Blick auf Mtungo u.

509 2134 3309 158 Kitumbini-Sporn, die ich gern auch besucht hätte, aber angesichts

529 2295 3358 150 der Sammlungen Janensch's u. unserer Leute fahren lassen

524 2442 3405 172 darf. Barrabarra nach Matampua. Bornhardt hatte Besuch des

524 2621 3451 164 südl. seiner Route liegenden Mbambala-Berges empfohlen,

515 2784 3460 159 mir war allseitig, auch vom hiesigen Jumben gesagt worden, er

570 2911 3275 160 bleibe nördl. der Barrabarra u. sei unzugänglich. Ich

563 3050 3222 173 bin überzeugt, daß d. Barrabarra über seine Höhe

564 3201 3155 162 hinführt, seitliche Ausblicke giebt's freilich nicht. In

555 3368 3427 172 Matapua gleich nach meinem Eintreffen Regen. Eine Weiber-

570 3547 3373 170 ngoma in d. Nähe zur Feier einer Schwangerschaft (Wandonde)

570 3710 3410 159 Wäre gern hingegangen, aber bis Apparat zur Stelle, war sie

593 3891 3390 143 vorbei. Sah hier die erste Borassus-Palme im Süden, nur

577 4042 3257 167 ein Exemplar, daher etwas rätselhaft. Jumbe Sefu Matiri

595 4224 3390 137 vor ½ Jahr nach 6-jähriger Gefangenschaft zurückgekehrt. Er erzählte

600 4381 3397 146 mir, er hätte einem Gelübde zufolge nie Alkohol getrunken, bis Bornhardt

547 4551 3386 121 (den er nizuri sana nannte u. der nach ihm hier 3 Tage geblieben

570 4666 3173 130 wäre) ihm einen Kognak aufgedrängt habe. Da habe er wieder

560 4798 3379 121 Gefallen gefunden u. im Rausch Worte gesagt, die ihm zur Aufstandszeit
