4292 5213
3829 276 124 107 29

412 341 3331 65 Er war nicht mehr da, also war d. Leopard bei Tage wieder

415 428 3401 127 gekommen u. noch in d. Nähe. Wir fanden d. Reste d. Mahls

434 566 3322 124 - freilich ohne d. Schädel=- abermals ein Stück weiter im

492 694 3017 145 hohen Grase. Ich ließ nun eine Falle daneben stellen.

280 856 3534 171 Sonntag d. 24: Der Leopard war nachts in d. Falle, hat sich aber wieder

552 1006 3011 182 herausgebissen. D. Falle wird im Quellbach aufgestellt.

607 1189 3130 136 Gemalt, Ruhetag. Janensch auf Barappis am Maimbwi

770 1421 3139 195 In Kindope erkennt Janensch in einer prächtig erhalte„

597 1566 3400 175 nen kleinen Form einen Stegosaurier.Wundervolle Rumpf„

465 1754 696 149 dornfortsätze.

774 1920 2129 188 27. Juli: Es sind wieder 50 Wangoni

618 2109 3122 145 25. Juli: Morgens nach Mtapaia, hinter der Barrabarra

539 2240 3266 167 meist ohne Weg, da gestern großenteils schön abgebrannt.

539 2393 3229 152 Knochenstelle unterwegs besichtigt, schon im vorigen Jahr ein

552 2531 3166 147 wenig gegraben. Ermuntert zu weiterem Suchen. Barappi-

640 2682 3160 115 Spuren. Graben in Kijenjere besichtigt, ohne Weg zum Zelt

585 2828 1026 164 in Mtapaia zurück.

713 2995 2159 152 Nachm. Tal nach N abgesucht, kein Wild.

612 3149 3325 216 26. Wollte ursprünglich über Kindope zurück. Gute Nachrichten

511 3319 3398 196 vom Kijenjere-Graben rufen mich aber nochmals dort„

505 3431 3392 238 hin. Daher in aller Frühe zu den nahen Bohnenfeldern des

602 3599 3241 203 Liwengwa, in denen gestern Nacht Barappi u. Wasser„

577 3742 3314 221 böcke waren; heute nichts. Durch schön abgebranntes Pori

587 3920 3209 194 nach Kijenjere. Hätte mehrfach Schweine schießen können, es ist

583 4095 3270 187 erstaunlich, wie wenig diese Tiere im Gegensatz zu allen

555 4233 3342 216 Antilopen sehen u. hören. Die Leute essen sie aber leider nicht

553 4391 3306 186 u. baten mich diese Feinde ihrer Felder zu schonen, um nicht

579 4517 3319 206 womöglich besseres Wild zu verscheuchen. Spuren v. Barappis

593 4662 3271 200 aber nichts zu sehen. Neue Knochenfunde. Der neue, gestern

633 4801 3282 164 begonnene Graben in Kijenjere sieht so vielversprechend aus, daß ich
