4292 5213
3783 236 256 191 141

575 257 749 202 6. Kindope

572 425 3312 254 7. Im Magazin gearbeitet, unerfreulichste, aber jetzt wichtigste

642 549 773 244 Aufgabe hier.

533 676 3532 305 8. Dr. v. Staff marschiert nach Mchuya zum Besuch Janenschs

500 854 1111 210 ab. Kindope.

538 953 3370 319 9. Mtapaia besichtigt. Bekam Nachricht von einem neuen

459 1167 3258 337 Knochenfund unweit Skelett I, besichtigte ihn auf dem

417 1394 3501 279 Rückwege u. fand ein gut erhaltenes, noch in d. Hang ein„

480 1564 3424 303 stechendes Femur, bestimmte einen Praeparator mit

490 1773 938 280 6 Mann dafür.

485 1941 622 251 10. Poschotag.

440 2001 3565 343 Sonntag d. 11.VI. Benutzte den Sonntag des Alleinseins, end„

526 2247 3547 268 lich meine Safari-Notizen aus dem Zentralbahnjura u. s. w.

534 2347 3101 328 in Ordnung zu bringen. Bahnprofile entworfen.

712 2546 3241 297 Gelesen. O was sind die Tage kurz, und erst das

527 2696 3550 286 Leben! „Söhnlein werde Dir d. Kunde, was man

535 2905 1437 263 alles leisten mag“.

778 3079 3224 328 12.VI: Erhalte aus Mchuya d. Nachricht, daß v. Staff Fieber hat u.

566 3293 3280 226 einstweilen nicht kommen kann. Ich Einsiedlerkrebs

589 3447 2779 262 empfinde das letztere als ganz angenehm.

765 3517 3346 356 Erhalte einen niedlichen jungen Judi, den einer unserer

573 3768 3477 207 Wangoni-Aufseher mit d. Alten zusammen auf d. barrabarra

572 3951 3211 242 fand (abds gegen 4h). Immerhin ganz schneidig, einer

598 4059 2217 283 großen Katze ein Junges zu rauben.

686 4224 3358 272 13.VI. Nach d. gestrigen Vollmond (auch gestern schon) außerordentlich

522 4369 3434 227 klare Luft u. wolkenloser Himmel, freilich seit einiger Zeit

517 4522 3219 274 morgens 14°C. Auch d. Schwarzen empfinden in diesem

518 4725 2616 223 Winter den „harten Frost“ als ungewöhnlich.
