4292 5213
270 239 259 215 114

622 242 3331 301 20.III. Herr Hausmann nach S, ich nach W. Verfolgte über

402 407 3580 395 2 Stunden Spuren einer Kongoni-Herde, bis im buschreicheren

452 616 3393 287 Tal des Lungerengere die Tiere aufsprangen. Leider nur

429 788 3554 306 schlecht gesehen u. durch's Gebüsch Zweimal vergeblich geschossen.

386 944 3395 226 Sonst in dem unermeßlichen u. sicher wildreichen

484 1127 3421 283 Ideal-Jagdrevier nichts gesehen, vor allem zu meinem

436 1328 3329 250 Bedauern keine Kudu's. Im Mikesse-Lager um 12. Hr.

513 1498 3139 188 Sattler fährt nach Mrogoro. Post nicht gekommen.

677 1638 3176 290 21.III. Vorm. auf Aussichtspunkt. D. Uluguru-Spitzen

486 1819 3335 300 leider ständig von Wolken verdeckt, so daß ich weder

468 1990 3245 273 malen, noch photographieren kann. Safari-Pläne, ich

471 2174 3280 266 mag nicht so müßig sitzen im Wunderland. Leider noch

454 2314 1312 268 keine Karten u. Träger.

714 2413 3081 275 22.III. Morgens mit 2 Mann auf Dintiri(?)-Berg

606 2653 3195 229 nördl. vom Lager. Anstieg nicht schwer, aber trotz früher

641 2830 3240 253 Stunde sehr heiß. Schon auf halber Höhe alte Kudu-

551 2927 3274 318 Spuren. Die Wanderung auf der Kammhöhe selbst

641 3080 3290 330 war in hohem Gras u. dichtem Busch das Schwierigste.

588 3260 3197 318 Mehrfach ganz frische Kudu-Spuren; aber kein Tier.

608 3448 3301 307 Schöne Blicke nach allen Seiten, besonders von der

623 3606 3183 229 nördlichen höchsten Spitze. Uluguru, Nguru u. die

637 3747 3249 326 ganze Zahl der Einzelberge. Leider auch heut

594 3903 3398 311 nicht klar. Viele Teile ganz verschwommen durch

546 4142 3361 248 Regen, alle Spitzen abgeschnitten. Durch fürchter„

609 4294 3340 296 lichen Busch nach N. O. abwärts, durch ewige Felder

694 4488 1704 247 zurück; im Lager um 12.

850 4591 3141 329 Es treffen Wanguru mit wildem Kautschuk u. einige
