4292 5213
311 307 103 58 40

480 426 3410 94 sehr schnell nachließ u. aufhörte, die Wunden schließen

526 558 3174 163 sich unglaublich rasch. Leider wieder verloren u.

566 728 3316 154 doch glaube ich, daß d. arme Tier die Angst nicht über„

517 904 3385 178 lebt. Graben in Kijenjere recht erfreulich, auch hier

547 1102 3299 129 der Stegosaurier, ferner eine hübsche lange Schwanz„

557 1246 3002 143 rute, die wegen der starken Ungleichmäßigkeit u.

565 1407 3308 141 plötzlichen Übergänge unter den einzelnen Wirbeln

559 1552 3244 182 Beachtung verdient. Um ½ 12 im Zelt beim Karani

556 1731 3106 177 angelangt, um 12 gegessen, um ½ 12 wurden mir

551 1886 3076 203 Barappis in d. Nähe gemeldet u. gleich nach 1

535 2048 3302 192 lag ein kapitales Männchen vor mir. Um ½ 4 am

530 2197 3194 214 Tendaguru angelangt, 9-10 Std. auf d. Beinen mit

547 2413 1092 171 1 Std. Mittagsrast.

858 2511 2848 227 27. Aug: Dicht am kl. Magazin, zwischen Skelett A u. C,

609 2651 3033 248 fast unter dem täglich 100-fach betretenen Wege entdeckt

620 2819 3054 233 Janensch neben einigen Halswirbeln, die mich gestern

653 2979 2990 212 abgehalten hatten, den Graben liegen zu lassen, ein

665 3127 2984 241 Stück, das Hinterhauptsloch u. -Kondylus zu enthalten

684 3296 2997 214 scheint, desgl. in Kindope nahe der schönen Wirbel„

659 3516 2198 171 säule, hier anscheinend andre Form.

982 3666 2729 202 Nachm. Poschozahlung. Unmittelbar darauf nach

603 3855 3042 209 Nanundo (Jumbe Omari) abmarschiert. Um 6 dort an,

633 4038 3138 164 achtete heut auf die Richtung: wie vermutet (in mei„

648 4237 3101 83 ner Vorstellung ganz anders!) ziemlich genau n. W.
