4292 5213
3832 219 186 190 143

544 218 3277 251 20.VI: Janensch u. Staff kommen mittags zurück, ersterer weil in

552 411 3342 176 Mchuya bisher wenig zu holen. Staff vom Fieber wieder her„

549 538 3459 247 gestellt. Von Hrn. Furtwängler noch immer kein endgiltiger Bescheid.

628 707 3150 211 21.VI. Janensch geht auf einige Tage nach Mtapaia u. Niongala,

547 901 1900 245 dortige Knochenfunde zu besichtigen.

814 1072 3063 175 Mit Dr. v. Staff mehrfach Schach gespielt. Zu meinem Ent„

579 1161 3308 244 setzen fast regelmäßig verloren, obwohl er wenig bei der

605 1359 3398 162 Sache u. obwohl ich eigentlich nicht sagen kann, daß er besser

568 1422 3369 291 spielt, aber darauf kommt's schließlich im Kriege nicht an.

592 1565 3376 271 Durch gemeinsame Analyse kamen wir dahinter, daß ich alle

549 1719 3449 245 Kraft auf Mittelspiel u. Offiziere verlege, er aber es garnicht

545 1867 3470 222 dazu kommen läßt, sondern von Anfang an auf Bauern-

535 2039 3397 268 Endspiel ausgeht u. zu diesem Zweck schonungslos weg„

542 2212 426 244 tauscht.

776 2298 3174 264 Ein Einschreibebrief für Furtwängler kommt aus Lindi hier

549 2472 3193 227 an, für uns wohl ein Zeichen, daß er mindestens die

532 2588 1343 279 Absicht hat zu kommen.

662 2779 3119 292 24.VI. Mittags Janensch zurück, Funde in Niongala gut.

577 2952 3188 268 Nach Tisch Poscho-Zahlung. Währenddessen kam Furtwängler

562 3121 2275 276 an. Also zu Viert am Tendaguru!

694 3279 3141 241 Sonntag d. 25.VI. Um uns mit genügend Fleisch zu

554 3499 3363 229 versehen, früh auf Jagd in dem niedrigen Gras längs

585 3619 3218 206 des Lipogiro, nichts gesehen; die Andern in der Gemüse-

613 3804 3153 218 Schamba. Las Dr. v. Staff's Separata u. habe wieder das

615 3932 3257 231 Gefühl, daß ich mit ihm nicht konkurrieren kann. Ich redete

623 4055 3311 243 mir in Berlin ein, die Lage sei für geolog. Arbeiten zu

607 4186 3187 268 ungünstig, jetzt sehe ich diese seine wirklich bedeutenden

599 4356 3106 188 Arbeiten selbst über Gegenden, die er nicht nach den

591 4467 3248 275 Augenschein kennt. Er ist auf der Höhe in den großen Fort„

572 4660 3461 263 schritten, die die Geologie der ach so oft geschmähten Geographie
