4292 5213
3866 272 76 119 41

496 327 3136 119 Sonntag d. 28. Aug: Mir waren seit einiger Zeit

567 486 3205 133 Büffel, Zebra, Barappi nahe Nanundo gemeldet. Jetzt

645 617 3365 138 schienen sich die Leute über d. einzuschlagende Richtung

541 764 3450 161 nicht ganz einig, ich setzte daher durch, daß wir wenig„

547 932 3324 150 stens zunächst am Mbenkuru selbst suchten, soweit

579 1061 3391 172 gebrannt war. Herrliche Vegetations- u. Landschafts-

579 1220 3380 172 Bilder am Morgen, mußte aber den Leuten nach„

571 1347 3198 214 geben u. weiter oben im Walde auf hügligem

564 1518 3323 215 Boden suchen. Zebraspuren in d. Tat, aber kein

620 1692 3338 220 Tier, außerdem schlecht gebrannt u. langweiliges

604 1866 3358 236 Pori. Ging daher weiter unten abermals über

627 2022 3286 231 die Barrabarra zum Mbenkuru, der sich um eine

597 2207 3209 206 - zu meinem höchsten Erstaunen aus Kreidesand„

585 2369 3423 205 stein bestehende - Hügelzunge schlingt. Nur schmaler

589 2519 3417 203 Streifen gangbar, nichts gesehen außer 2 Pudukas.

594 2688 3403 214 Wollte von hier abends nach Ubolelo, erfuhr aber,

635 2864 3413 188 daß ich mich nicht nur in d. Entfernung verrechnet

577 3007 3407 204 hatte, sondern, daß auch kein direkter Weg dorthin

654 3166 3195 205 führte. Um nicht einen Tag zugeben zu müssen,

614 3325 3389 201 für den ich nicht ausgerüstet war, nachm. wieder

609 3497 3005 183 zum Tendaguru zurück. Ich ohne Benutzung der

638 3658 3208 197 Barrabarra durch die Schamben u. Graswüsten

622 3811 3307 182 am Mbenkuru. Abermals kein Wild. Fand einen

593 3973 3432 187 Knaben beschäftigt, Baumwolle in einen Faden

645 4149 3352 191 zu spinnen, wozu ihm außer der geschickten Hand

603 4327 3000 194 nur ein Stab u. ein Maiskolben dienten.
