4292 5213
265 295 97 54 46

508 295 3261 201 diese Tiere heftig kämpfen. Alsbald erschienen Raub„

495 466 3345 206 vögel, sodaß ich eine Wache zurücklassen mußte.

515 677 2134 185 Das Unwohlsein war vergessen.

763 827 2971 212 Nachm. m. Janensch endlich wieder einmal

619 986 2961 182 Schach (je 1) Abends etwas Kopfschmerz, Janensch

636 1111 3089 261 zwar auch, aber vom Schach, was mir bei mir un„

617 1320 1235 205 verständlich erschiene

878 1454 2729 266 19. Sept. Auch im Maimbwi-Tal findet sich eine

684 1631 2866 211 gute Stegosaurier-Stelle. Abends etwas

752 1789 3093 254 Fieber (38,2°), wie ich glaube nur vom Schnupfen.

714 1958 2093 236 Wir sind beide etwas erkältet.

822 2088 3031 277 20. Sept. Fühlte mich morgens wohl, aber beim

686 2250 2961 289 Gehen eine verhaltne innere Glut. Nur bis zur

718 2441 3072 255 Barrabarra, wo ein neuer „Nyororosaurus‟. Stark

739 2616 3102 239 ruhebedürftig u. inneres Hohlheitsgefühl wie bei

712 2768 3080 266 den vorjährigen Verdauungsstörungen, doch in

693 2952 3112 238 dieser Beziehung keine Beschwerden. Der Wind

691 3117 3046 233 war mir unangenehm u. ich legte mich gegen

684 3280 2968 253 2 in's Bett u. fühlte mich darin verdächtig wohl.

820 3482 2942 226 21. Sept. Nur zu den Gräben im Maimbwi-Tal, dann

695 3632 2590 194 noch geruht. Seit Mittag vollständig wohl.

828 3781 2786 271 22 Sept: Janensch ab nach Ubolela. Fuß an

731 3976 2716 186 d. Barrabarra abgehoben (3 Std!) Boheti zurück.

870 4095 2719 271 Botan. Ausrüstung u. Saurierabbildungen erhalten.

748 4253 2904 236 Aus Lindi Meldung vom 3. Pestfall. Morgens neblig.

822 4386 2929 264 Abends Mittags trotz kräftigen Seewindes im Osten

724 4520 3017 248 eine dunkle Färbung u. Dunst, dann von dorther Sturm

713 4699 3130 209 bis Abend, wo Dunst oder Rauch im Westen zu verschwin„
