4292 5213
291 237 280 174 150

459 373 3365 178 deren Gestein ich auch nicht annähernd zu deuten vermochte. Ich

471 458 3431 247 glaubte im ersten Augenblick an eine Labrador-Gneißart, an Verwer„

494 677 3479 184 fungsspiegel, Gypsgang u. alles mögliche ohne auch nur eine Wahr„

519 780 3344 217 scheinlichkeit ausmachen zu können. Mußte erst brennen lassen,

515 923 3456 243 nachm. wieder kommen u. deshalb in möglichster Nähe Lager

512 1085 3509 210 beziehen. Mein Führer brachte mich zu kleinen Ansiedelungen

483 1169 3404 174 in weitem Trockental, in dem unterhalb die Pindiro-Quelle aus

484 1341 3317 223 feuchtem Boden hervorging überraschenderweise eingehüllt in

506 1452 3461 202 einen Tropenhochwald, der hinter dem von Usagara oder Usamb.

491 1585 3465 186 an Majestät nicht zurücksteht, aber auf das ganz schmale Tälchen

456 1749 3474 203 beschränkt ist, mächtige Lianen, Baumriesen, große Farne, alles groß„

437 1865 3383 224 blättrige schweigende Einsamkeit. Ein Teil dieses Kleinods wart

465 2042 3426 255 gefällt, um Mais zu pflanzen. Und in d. Nähe befindet sich eins

492 2175 3240 218 der anscheinend ganz schematisch verteilten Waldreservate!

641 2347 3162 207 Für d. Nachm. war es doch zu weit, so nahm ich mir für d.

482 2477 3434 227 morgigen Sonntag nur d. Marsch bis Ruawa vor, wo ohnehin

527 2604 3219 307 eine größere Reisbestellung von Janensch in Empfang zu

529 2826 3448 188 nehmen u. zu bezahlen war u., wie ich erst später merkte, eine

560 2929 2175 288 weite ganz unbesiedelte Strecke begann.

650 3066 3208 341 Schoß Meerkatzen, die am hellen Tage in d. Bohnenfelder

547 3284 3353 233 kamen; leider ringsum ein wüster Busch, recht eine Wohn„

509 3359 3375 278 stätte für diese Wamachinga! Der Jumbe von Ruawa kam u.

552 3580 1352 262 brachte Essen f. d. Träger.

717 3695 3063 314 16.VII. Ging zunächst wieder an d. gestrige Fundstelle, doch

488 3865 3406 329 hatte d. Feuer durchaus nicht gefaßt u. alle meine Bemühungen

513 4049 3401 212 blieben - mir in d. hohen, dichten Gras unbegreiflich - gleich„

522 4217 3261 240 falls erfolglos. Das Übrige bedeckte wildes Dickicht, so daß

515 4353 3201 219 keinerlei Übersicht über Ausdehnung u. Nebengestein zu

546 4545 3352 163 gewinnen war. Ich glaubte nun an Spateisengang, aber mit der

519 4645 3522 258 selben Gewißheit wie an all das Andre! Auf Salzsäure keine Reaktion.
