4292 5213
3732 235 128 57 61

327 290 3564 119 rer hatte mich mit der Nachricht von Kudu-Spuren dahin gelockt,

398 436 3523 156 ich mußte aber abermals konstatieren, daß d. Leute keines„

387 599 3574 152 wegs unterrichtet sind, es waren einige nicht ganz frische

317 760 3700 151 Spuren von Elen-Ant. u. Barappi zu sehen. Mit den Kudu's

399 889 3566 201 ist es also wohl leider endgiltig nichts. Auf d. Rückweg an

430 1083 2186 147 einem Ngorombwe vorbeigeschossen.

2717 1032 1316 119 Abds. Knochenfund besichtigt: halbes

2830 1127 1213 85 Femur v. mächtigen Dimensionen.

2973 1236 1059 69 Ornithopoden-Zahn u. -Klaue.

622 1244 2313 126 31. Oct. Stark bewölkt. Lohnzahlung.

630 1361 3347 216 1. Nov. In Kindope. Lange an einem schlechten Stück praepa„

568 1527 3241 200 riert, in dem ich anfangs Stegosaurier-Schädel vermutet

567 1670 3300 179 hatte. Mittags Regen, auch in d. Umgebung mehrere

541 1814 3428 199 starke Böen beobachtet, besonders auf Noto u. Namunda.

584 1952 3433 211 Über oder hinter letzterem nachmittags erstes Gewitter.

594 2107 3332 229 2. Nov. Wieder meist bedeckt. Beim Laufen etwas

492 2272 3417 201 schwül, aber doch ein Schutz gegen die jetzt recht kräf„

521 2441 3074 160 tige Sonnenstrahlung. Janensch abds. zurück.

686 2577 3305 170 Bei dem Skelett no entwickelt sich die Schwanzwirbel„

531 2698 3472 170 säule sehr erfreulich; ein ganz hübsches Stück vom hinteren

518 2875 1518 132 Ende im Zusammenhang

647 2977 2480 183 3 Nov. Wieder bedeckt. Südgräben.

1244 3068 1726 136 Geolog. Karte v. Namgaru-Tal skizziert.

653 3116 3218 197 4 Nov. Fossilien u. Gesteinsproben von d. Safari geordnet.

547 3269 2948 189 Der Schwanz bei no jetzt so gut wie vollständig.

682 3406 3177 221 4. Nov. Kindope. Signiert. Brief an Mama, Mit„

505 3602 3408 173 teilung, daß wir wahrscheinl. in die Regenzeit hinein hier

532 3754 3432 190 arbeiten müssen. Der Entschluß v. Janensch ist vollständig

513 3901 3456 189 berechtigt, aber eigentümlich, wie er nun einen Zeit„

507 4062 3395 187 gewinn daraus macht, wieder alles Mögliche auf spä„

499 4226 3371 173 ter verschiebt u. sich auf immer längeres Bleiben

525 4382 2288 158 einrichtet. Mittags gegen 2 Uhr 33 ½°!

596 4507 3280 223 5. Nov. Poscho. Gegen 5 Gewitter über Namunda, das sich nach

491 4679 2996 188 W. verzog u. abends noch lange heftig wetterleuchtete.
