4292 5213
317 371 168 64 14

711 303 3260 247 Kaiser hatte uns weitere Besuche angekündigt u. gestern hieß

554 468 3325 251 es, 4 Europäer seien auf Noto angekommen, so daß wir

576 598 2544 267 sie heut erwarteten. Kühl.

674 851 3116 264 10.VI: Da von Europäern keinerlei Nachricht, werde ich

577 1020 3289 276 morgen auf Niongala ziehen. Lasten zusammengestellt.

748 1195 3152 299 11.VI. Wegen ungeschickter Leute erst um 6 ¼ fortgekom„

632 1402 3175 256 men. In Mtapaia ein Warzenschwein geschossen. Ab„

653 1586 3128 234 stecher zum dortigen Karani, bei dessen neuem

635 1756 3102 240 Hause Reste sehr großer Knochen liegen (2 te Stufe

676 1944 3238 242 unter Fossil-führenden Sandsteinen u. drauflagern„

611 2130 3295 236 dem Oolith.) Schickte nach Kijenjere, um einen Mann

631 2289 3247 221 zu beordern, der Sattler's Fossilplätze in Niongala

630 2444 3119 256 kennt, 2 Leute in's Lager zurück, um Fossilien,

604 2634 3089 226 d. Fell eines kleinen Sperbers, den ich schoß, u.

618 2792 3043 216 ein Stück Schweinebraten zu überbringen. Nach

648 2955 3153 231 9 Uhr auf sehr schlechten, grasüberwucherten Wegen

617 3114 3173 219 weiter, zu meinem Erstaunen sehr weit nörd„

619 3254 3240 245 lich auf das Mbenkuru-Tal zu, an dessen rechtem

600 3432 3126 248 Rande über die Erweiterungs-Niederung das

604 3587 3241 272 Mtapaia nach Ngomanji (Ngomahi) u. 5/4 Std. weiter

630 3749 3325 260 nach zu wenigen Hütten in neuen Feldern (Kwa Namoha)

632 3927 3266 264 im Niongala-Forst. Äußerst spärliche Besiedelung, daher

667 4116 3066 224 nicht ausgetretene Wege. In hohem, dichtem, aber ganz

633 4313 3244 200 vertrocknetem u. niedergefallenen Grase ging dicht

638 4510 3206 183 am Wege ein größeres Tier (Barappi, Ndogolo?) hoch.

633 4684 3296 172 Auf dem hügligen, sandigen Rande, der mir ohne
