4292 5213
317 309 46 50 8

570 368 3385 147 16 Mai. Vorm. Ali wieder zurück, freilich ohne bibi. Mit Wilhelm

617 524 3198 140 gegen den Mohamadi-Graben bei den alten Schamben

631 698 3257 130 vorgedrungen, aber auch hier unerwarteterweise fürch„

611 867 2434 127 terliches Gras u. kein Wild vorgefunden.

744 1021 3081 140 An die Arbeiter Z Kontrollzettel mit der Nr. des Lohn„

579 1202 942 139 buchs ausgeteilt.

839 1326 1826 170 Gegen Abend schwacher Regen.

676 1504 3142 216 17. Mai: Über Nacht ist es mit einem Schlage Herbst

693 1695 3077 182 geworden, zahlreiche Bäume leuchten in Gelb.

945 1919 2184 146 Abends wiederum schwacher Regen.

608 2079 3315 163 18 Mai Morgens endlich wieder klar: der Komet

633 2252 3194 160 hat nunmehr die Hälfte des Himmels einge„

619 2401 3269 174 nommen u. sein Kern steht nun morgens bei

582 2584 3361 170 Beginn der Dämmerung noch unter dem Hori„

596 2736 2868 172 zonte, seine Schönheit ist damit vernichtet.

853 2903 3014 189 Günstige Erfolge in den Gräben, auch schöne Ammo„

607 3069 3200 177 nitenfunde in den Trigonia-Schichten. Vom Likonde

619 3246 3121 173 kommen unsre 2 „Sachverständigen“ zurück mit der

557 3412 3384 184 Meldung, es sei nur ein Knochen, aber ein guter da.

580 3577 3383 179 Schlechte Versteinerungen von Ntandi, d. Gestein erscheint

587 3764 3057 129 mir nicht fremdartig. Magen-Verstimmung.

699 3974 3164 97 Erhalten aus d. Mbenkuru sehr appetitliche, kleine

524 4152 1412 134 Fische, d. Stück 1 Heller!

710 4269 3223 194 In Bornhardt, Fraas u. Daequé-Krenkel stratigra„

541 4510 2837 92 phisch orientiert u. auf Niongala vorbereitet.
