4292 5213
249 324 115 64 72

420 313 3434 192 26. Nov. Fühlte mich zeitweise nicht recht wohl, wußte aber

475 490 3082 147 nicht, ob Fieber oder Magen. Vermutlich Erkältung.

618 652 835 126 Abds. 39,2° gemessen.

416 733 3366 235 Sonntag d. 27. Nov: Nachts u. bis mittag starker Durchfall, daher heut

568 898 3209 229 ganz liegen geblieben. Allerhand aus Janensch's Reclam-Biblio„

540 1067 3113 211 thek gelesen, da wenn Aufmerksamkeit nicht abgelenkt, die

570 1187 3263 240 Verdauungsstörungen u. Leibschmerzen heftiger, vielleicht infolge

536 1314 3020 283 Einwirkung der Einbildungskraft. Hatte den Sonntag

531 1455 3104 288 besser auszunutzen gedacht u. mich recht darauf gefreut.

684 1628 3117 308 28. Nov. Nach guter Nacht aufgestanden, um die Absendung des

508 1781 3257 328 Knochentransports zu leiten u. Briefe zu schreiben. Wagte mich

494 1948 3356 302 jedoch noch nicht vom Berge hinab. „Kampf um d. Oberherrschaft

532 2134 3084 266 in Deutschland“ v. Friedjung I Band ausgelesen. Es ist so

516 2308 3372 243 dramatisch, daß ich dem Verf. kaum die behagliche breite Geschichts„

489 2462 3327 257 schreibung verzeihe. Fühlte mich bei d. Lektüre im Liegestuhl

545 2606 3231 257 so wohl, daß ich schleunigst zu d. Gräben wollte. Aber beim

529 2750 3272 261 Aufstehen doch etwas wie rückkehrendes Fieber. Soll ich nun

507 2895 3360 262 Chinin nehmen u. mir damit von neuem d. Magen verderben

522 3051 3263 288 od. stärke ich mich mit Rotwein auf d. Gefahr hin, dennoch

504 3246 2756 241 Malaria zu haben. Ich entschied mich für Rotwein!

648 3455 1897 190 29. Nov. Einige nahe gelegene Gräben.

650 3618 2746 185 30 Nov. Lohnzahlung. Befinden wieder ganz leidlich.

684 3811 2906 169 1 Dez. Es bleiben uns noch immer an 200 Mann, aber

491 3963 3066 178 für die Arbeiten viel zu wenig. Skelett A entwickelt sich nicht

523 4096 3144 190 zu meiner Genugtuung. Abends in d. Schamben Wild gesucht,

548 4252 3202 176 auffallend still, auch keine Spuren. Vor einigen Tagen waren

538 4428 887 135 wilde Hunde da.

638 4593 3151 145 3. Dez. Morgens im Mbenkuru-Tale Barappi u. Ndogolo gesucht,

505 4762 3334 145 auch hier ergebnislos. Kindope-Gräben. Wollte noch zu Skelett A
