4292 5213
236 260 106 160 64

612 341 3170 133 Verhandlungen wegen Mtama-Einkäufe mit würdigem

550 481 2954 150 aber kalten Akiden u. zwei verständigen Jumben.

757 620 3194 159 Abds. nach dem Mbenkuru zu in häßlichem Grase auf Wasser„

579 777 3172 142 böcke gefahndet, aber nur Spuren zu Gesicht bekommen.

788 966 3043 171 14. Nov. Fast noch im Dunkeln (4 ¾) aufgebrochen, da auf 6-stün„

635 1110 3171 182 digen Marsch bis zum nächsten Wasserloch vorbereitet. Über

648 1285 3082 188 Nakihu-Fluß durch weite Schamben von Namcheche, dann

650 1454 3202 167 schönes parkähnliches Pori mit bereits jungem Grasteppich, auf

689 1598 3070 152 dem die Morgensonne goldne Streifen zog, über Nami-

661 1749 3168 177 tambo, Njedi nach , Karani . Hier eine duka,

662 1894 3185 177 aber ihre Mtama-Bestände für unsere Bedürfnisse nicht ausreichend

660 2018 3157 215 u. der „Geschäftsführer“ wollte nicht verkaufen oder hatte wirklich

610 2151 3231 241 Weisung die Regenzeit abzuwarten, um dann höhere Preise zu

605 2308 3191 230 erzielen. Auch traf ich mehrfach unterwegs Leute aus der

665 2464 3192 217 Gegend, die Mtama in Mhuhe eingekauft hatten, also mußte

624 2632 3059 198 wohl hier nichts zu haben sein. Zu meiner Freude

668 2779 2944 193 war ich bereits nach 4 Std. Marsch in Mwindi, wo ich des

639 2946 3126 185 Wassers wegen lagern wollte; doch war auch der ca 7 m.

657 3100 3058 175 tief gegrabene Brunnen bereits versiegt. Ich ging un„

647 3242 3047 177 verzüglich weiter, fand mich aber jenseits des Baches in

673 3371 3056 210 fast mit Mwindi zusammenhängenden Schamben bereits

692 3507 3023 213 in Mhuhe u. machte dort Halt, obwohl Wasser äußerst

667 3663 3158 205 rar (z. T. aus d. Mbenkuru!) war u. weit her geholt wer„

661 3796 3001 230 den mußte. (Nahangai, Quelle am Fuße des Mbalawalla ohne

697 3943 2989 218 Ansiedlungen. Vgl. Nihongala, Nyongao, Nahangi od. Nahanga!)

697 4085 3192 225 Da weder Jumbe noch Karani vorhanden, trommelte ich selbst

672 4252 3149 201 m. kl. Spieltrommel d. Leute aus nächster Umgebung zu„

677 4411 3206 209 sammen u. setzte ihnen meine Wünsche auseinander, fand

686 4595 3023 195 aber auch hier Unlust oder wirklich nur spärlichen Mtama-

700 4781 2751 143 Überfluß. Gegen Abend brachten sie etwas Reis.

346 932 70 126 S.

243 1202 59 240 Mbenk.

319 1226 148 165 Akid

382 1435 147 192 Nakihu

373 1591 119 274 Namcheche

195 1658 113 372 Barrabarra

312 1964 220 301 Namitambo

405 2219 139 161 Njedi?

311 3092 146 280 Mwindi

469 3193 163 211 Mhuhe?

376 3661 147 195 Gras-

304 3678 135 175 Ebene

192 3662 98 234 Kigombo

239 4193 380 200 Mbalawala

300 4627 63 91 N
