4292 5213
3821 269 120 112 53

532 357 3357 107 15. Oct. Der Karani von Nanembo hatte gestern sehr über Schweine„

491 479 3301 146 plage geklagt (wie frech d. Affen sind, hatte ich selbst gesehen), auch

499 654 3420 154 hätte ich den Wangoni gern einen Extrabraten gegönnt. Ging

524 803 3307 182 daher so früh los, daß ich die erste Zeit noch nichts sehen

504 958 3375 206 konnte, traf aber auch nachher nur ein flüchtiges Tudaka,

520 1132 3371 202 ohne zu Schuß zu kommen. Von d. Barrabarra ziemlich recht„

521 1291 3417 189 winklig nach S. hin, abgebogen, um d. Weg über den Turm

528 1419 3272 219 auf Kitulo zu nehmen. Obwohl mitten in dem weiten

516 1563 3380 254 Becken zwischen Kitulo u. Lutende zog sich d. Weg doch stets

507 1738 3313 223 auf niedrigem, ebenem, weißsandigen Gelände hin, das sich

499 1884 3386 228 von dem tieferen eigentlichen Flußtal deutlich abhebt u.

546 2032 3167 225 vielleicht aus irgend einer unterkretazeischen Schicht des

493 2207 3324 226 Makonde-Sch.-Verbandes besteht ohne sekundäre Umlagerung.

511 2324 3336 272 Orte Mpwiri u. Mtange. In letzterem dicht an der großen

556 2483 3467 272 Lukuledi-Straße kurze Rast, Kokosmilch. Vor 9h auf d. Turm

544 2626 3351 285 mit schönem Rundblick. Zwischen seinen Mauern recht kühl.

537 2788 3412 267 Sehe mit Erstaunen eine Hügelkette aus d. breiten Mulde

555 2930 3353 280 noch vor den Plateaus aufragen. Der Übergang über d

503 3119 3320 287 Kitulo hier viel bequemer, in ½ Std. in Lindi, Usagara.

522 3334 1967 213 Mittags kurzer, schwacher Regen.

767 3477 3285 190 Nachm. 5h Tennis mit Hrn. u. Fr. Dr. Wolff u. Hauptmann

530 3735 642 133 Oldenburg.e

636 3862 1276 174 Sonntag d. 16. S. Oct:

701 3930 3280 274 Freue mich mit einem Frei-Tage beginnen zu kön„

584 4111 3359 252 nen, köstlicher stiller Morgen an d. Bucht. Vorm. Briefe

586 4285 3212 250 auf prächtiger Veranda. Dann um 11 in d. Usagara mit

558 4489 3161 186 Dr. Wolff „Cocktail.“) Nachm. Gelesen, Kaffee, Tennis.
