4292 5213
3805 261 185 118 115

330 281 3596 236 Wasseguha von N. her bei Sattler ein. Daher für morgen

393 417 1297 272 schon Safari angesetzt.

624 553 3259 282 23.III. Mit mehr als 200 Mann nach N. aufge„

434 720 3507 197 brochen (wir kamen erst nach 8h fort) Die D. O. A. S.

398 872 3503 235 hat d. Kautschukzapfrecht für Nguru gepachtet, Sattler will

422 1025 3557 258 damit zugleich Arbeiter aus diesem noch unausgesoge„

430 1183 3202 287 nen Gebiet anziehen u. d. Verkehr, der jetzt nach

399 1370 3534 259 Bagamoyo geht, nach Mikesse lenken. Zwischen Wami

451 1474 3613 310 u. Lungerengere liegt aber ein breiter, unbewohnter,

472 1644 3557 288 pfadloser Streifen, durch den Weg gelegt werden soll.

466 1812 3446 273 Da Leute genug vorhanden, kann ich all meine

455 1958 3416 246 Lasten mitnehmen u. soll möglichst bei d. Fleisch„

459 2082 3471 319 versorgung d. Leute helfen. 4½ Std. bis Lungerengere,

462 2263 3402 257 an dessen linkem Ufer in Lager bezogen.

620 2438 2760 309 Abends Jagdausflug ohne etwas zu sehen.

561 2633 3469 318 24.III: Bei Mondschein um 5½ aufgebrochen, nach  N.

465 2789 3563 335 Ebenes Gebiet, meist niedriges Gras u. offener Wald

482 2962 3518 286 mit Parzellen reiner Steppe. Nach 5 Std. an kleiner

446 3199 3329 281 Wasserstelle gerastet. Nachm. einen Teil des Weges

484 3285 3354 345 zur Probe gerodet. Mit d. vielen Leuten geht's

483 3469 3494 290 im Augenblick. Jagdausflug in d. Nähe des Msávula-

488 3580 3487 341 Berges. Ganz zuletzt sah ich einige Kongoni durch Busch,

526 3801 3346 256 verwundete leider 1 oder gar 2, mußte aber bald

511 3980 3356 313 d. Verfolgung wegen drohender Nacht aufgeben,

539 4160 1474 269 ein greuliches Gefühl.

669 4279 3337 245 25.III. Wir trennten uns. Sattler, der Montag nach

460 4447 3423 282 Kilossa muß, zurück, um d. Weg bis Lungerengere

531 4609 3496 319 zu roden, ich noch weiter nach N. zu gleichem Zweck.
