4292 5213
284 271 202 169 144

533 346 3397 278 verdankt u. die uns Davis selbst aus Amerika grade nach Berlin

508 509 3475 251 (als Austauschprofessor) gebracht hat. Aber ich habe es nicht beachtet

510 689 3320 241 u. Staff erntet nun in der Goldmine, die ich (u. fast alle

529 814 3304 260 Andern) übersah. Ich lerne nun wenigstens von ihm, dem

584 985 3164 246 Jüngern noch zur Zeit, um für diese meine Auslandreise

562 1144 1352 258 Nutzen davan zu haben.

742 1252 3007 293 26.VI. Kindope besichtigt. Dauernd gut. Janensch noch hier.

761 1445 3150 270 27.VI: Janensch ab nach Nanundo, um mit Bogen nach W zurück

577 1556 2852 318 zu gehen; begleitete ihn bis in's Tal, dann über Kindope.

602 1729 3277 224 Machte heut den Vorschlag, da wir zu Dritt u. die Arbeit nicht über„

588 1839 3282 221 mäßig sei, bevor gebrannt würde, einiges nachzuholen, was bis„

581 1971 3172 258 her versäumt sei, vor allem etwas zu triangulieren, Staff

563 2146 2943 250 fände jetzt auch vielleicht Zeit zu einer gewünschten Safari.

776 2273 3106 239 30.VI. Lohntag. Wollte Furtw. heut die Zahlungsmethode zeigen u. ihm

615 2403 3124 217 die mit vielen kleinen shauri's  verbundene Kasse ganz

614 2547 3299 280 übergeben, sowie neue Lohnliste anfertigen, aber leider fühl„

595 2718 3428 202 te er sich unwohl, mußte sich gleich zu Beginn der Zahlung zurück„

628 2845 1182 279 ziehen u. hatte Fieber.

754 2949 3235 326 1. Juli. Durch Furtw.'s Fieber dürfte sich mein Abschied wieder

607 3128 3347 262 etwas verzögern. Mit Staff wieder viel Schach, aber auch jetzt

637 3314 3257 227 noch mit geringem Erfolg, da ich immer die Offiziere vor

636 3455 3308 234 der Front aufmarschieren lasse, wo er sie schonungslos weg„

643 3684 3259 226 schießt. Immerhin manche interessante Partie mit schwanken„

662 3768 877 263 dem Kriegsglück.

564 3824 3322 319 Sonntag d. 2. Juli. Wollte wieder einmal ausschlafen, wurde

538 4094 3276 233 aber mit der Meldung „Leopard in d. Falle“ geweckt. Während

537 4183 3314 287 des Anziehens u. d. Ganges zur Falle im Tal an d. Barrabarra

570 4316 3258 278 hörte man deutlich 2 Löwen von dort, so daß wir nicht

552 4479 3336 234 zweifelten, daß einer gefaßt sei. Daher Enttäuschung über den

555 4631 3444 226 Leoparden. Hätte gern noch einen allein abgeschossen, aber Staff auch,
