4292 5213
275 276 137 66 50

506 298 3191 214 7. Oct. Graben am Westfuße des Tendaguru angesetzt u.

531 447 3379 177 auch das kleine mäßige Fischlager nochmals in Angriff

507 585 3425 203 genommen. Nachm. Zähne verpackt, viel Arbeit. „Südring“

760 745 3031 188 Mittags 12 Uhr Regen. Inselberge im W. mit

583 966 1388 148 Theoduliten angepeilt.

682 1076 2589 262 8 Oct. Nachm. Poscho. Zähne verpackt.

577 1314 2967 222 Sonntag d. 9. Oct: „Jesus“. Postankunft. Sofort einen

594 1420 3025 271 Wunsch Richards hinsichtlich einer Presse-Äußerung

629 1547 3072 285 über Verkehrswissenschaft erfüllt. Die Absicht Richard

664 1683 3064 286 zu helfen, läßt mich über die kleineTäuschung, die

666 1845 2619 273 darin liegt hinwegkommen. Trotz Jesus?

770 2024 2855 252 Zeitungen gelesen. Brief an Richard. Schöner

594 2297 585 138 Ruhetag.

838 2353 2993 231 10 Oct: Lasten nach Lindi abgefertigt, auch einen

661 2546 2816 177 Teil meiner Gehörne. Kindope-Gräben.

350 2730 1145 161 Nachm: Zeitungen.

861 2818 2819 220 11. Oct. Mittags Janensch zurück. Allerhand mit ihm zu

693 3046 522 113 besprechen.

874 3115 2952 216 12. Oct. Um 4 aufgestanden. Größten Halswirbel von Skelett L

674 3230 3167 225 weiter verpackt, dabei brach ein Stück Gips aus u. ich wartete,

667 3385 3126 230 bis Janesch den Schaden besehen konnte, was freilich er„

677 3522 3062 234 hebliche Zeit dauerte. Auch dann noch viel Schwierigkeiten,

630 3673 3137 225 mußten die Träger auf 16, dann auf 24 erhöhen (Wangoni,

699 3825 3026 219 abwechselnd 12 u. 12) Um 10 Uhr konnte ich endlich nach

708 4004 3159 200 Lindi aufbrechen, eine mir sehr unsympathische Stunde.

648 4172 3081 188 Doch war es mittags fast ständig bedeckt, es mar„

657 4352 3080 158 schierte sich sehr angenehm. Ich nahm die Route auf, da

610 4510 3091 171 ich ohnehin in der Nähe der Last bleiben mußte u.

714 4670 3065 177 nur langsam gehen durfte. Weg vielfach zu eng, daher
