4292 5214
3729 285 163 125 33

416 370 3185 71 10. Aug: Morgens Janensch nach Matapua, um in Lindi

410 470 3427 167 Knochen zu packen u. Weg f. schwere Lasten ausfindig

426 604 3373 171 zu machen. Ihn begleitet bis zum Übergang d. Barra„

405 752 3506 196 barra üb. d. Mtapaia, dann links ab durch gut gebrann„

413 913 3038 210 tes Pori zu einem Graben halbwegs zwischen

402 1070 3443 210 Kindope u. Mtapaia, nahe dem Lilahi, dessen Lage mir

436 1213 3172 224 erst heut recht klar wird. Durch Pori zurück zu d.

426 1338 3235 264 andern Gräben. Bei Skelett S. mordsmäßige Rippen.

600 1531 2956 212 11. Aug: Es ist unmöglich, allein alle Gräben zu

461 1710 2682 209 besuchen. Bei Z angefangen einzupacken.

674 1841 2990 227 Nach Tisch um 2 mit d. Barappi-Jungen üb. den

553 2030 3277 244 Mtapaia, neue Knochenstellen besehen. Überraschend

562 2225 3333 224 viel, aber außen schlecht. Schönes Jagdgebiet, wenn

716 2441 2980 129 ― Wild da wäre. Nur Perlhühner unweit des

573 2582 2206 198 Dorfes gesehen. Etwas Regen.

665 2771 3266 228 12. Aug. Morgens nach Kindope, nachher, da mittags

548 2944 3399 248 ganz bedeckt u. sogar einige Tropfen fielen, zu den

547 3127 3388 238 Gräben im S. Erst um ½ 2 zum Mittagessen zurück.

566 3365 989 163 Briefe erledigt.

683 3473 3093 221 13. Aug. Eine Abteilung jenseits d. Mtapaia angesetzt, Tauben

630 3669 3069 185 geschossen, Perlhühner, Rebhühner u. mehrere Ngorombwe

639 3869 1888 129 gesehen. Poscho-Zahlung.

647 4004 3197 218 Sonntag d. 14. Aug: Hatte d. Absicht, unten am Mbenkuru zu

674 4154 3251 257 jagen, da beim Jumben Omari 4 Büffel gemeldet wurden.

645 4325 3170 239 Aber zu weit, auch sehr ungewiß im Erfolg, vor allem

615 4502 3226 218 wird mir aber von Maimbwi ein Kudu gemeldet u.

616 4670 3149 216 auf Barappis ist meist auch zu rechnen. Ferner bestand
