4292 5213
274 301 110 59 38

543 349 3266 200 schnelle Bewegung zu machen, also zu langem Anschlei„

528 526 3330 177 chen in d. krachenden Stengeln keine Zeit. Sobald ich orien„

595 685 3239 190 tiert war, schoß ich etwas tiefer als das Gehörn u. hatte

619 852 3223 180 nachher d. Genugtuung zu sehen, daß d. Herz durchbohrt

631 1027 3043 183 u. d. Tier an Ort u. Stelle gefallen war. Zunächst

659 1183 3062 171 ging ich vorsichtiger näher u. glaubte d. angeschossene

691 1346 3163 190 Tier stehen zu sehen; ich schoß wieder, es fiel: nochmals

702 1505 3042 203 heran, nun zielte ich auf's Blatt, da sagt der törichte

679 1660 3068 204 Ali, der immer fürchtet, mit d. Schächtschnitt zu spät

733 1832 3126 182 zu kommen: „genug, es liegt“ u. d. Tier ging ab, wie

700 2000 2845 191 ich glauben muß, angeschossen. Alles Suchen in

713 2170 3060 169 fürchterlichster Graswüste war umsonst, es war

697 2315 3074 202 das zweite Tier gewesen. Wie ich sah, befand ich

730 2492 3055 178 mich hier am Unterlauf des Kipande, vermutlich

705 2663 3120 194 nicht weit von seiner Mündung in d. Mbenkuru.

699 2826 3014 215 Auf d. Rückweg unter d. Plateaurand schoß ich aber„

702 2981 2961 220 mals auf ein einzelnes aufgesprungenes Barappi,

694 3168 3027 192 aber im gleichen Augenblick tat mir's schon leid.

704 3309 3049 196 Ich glaube gefehlt zu haben u. gab die Verfolgung

698 3462 3023 217 gern sehr schnell auf. Schon gegen 10 zurück im Lager.

841 3649 2912 199 Gegen Abend Janensch zurück, der d. Schädelteile(?)

698 3812 3009 195 bei S evtl. für die eines Fisches erklären möchte.

659 3971 3005 187 Wär's doch so! Aber für Ganoiden zu mächtig,

677 4120 3158 191 für Teleostier der unteren Kreide erst recht, sollte

680 4304 2883 185 ich meinen. Indessen ein Strohhalm für unsere

784 4537 529 123 Hoffnung.
