4292 5214
3735 258 108 50 11

483 295 3448 119 An einer neuen Stelle nahe der Barrabarra kommt

467 424 3531 150 eine Fülle brauchbarer Knochen zum Vorschein. Abends noch„

455 567 3507 164 mals mit Janensch dort, der erstaunlicherweise mehr

491 742 3505 171 „Zeit“ hat, wenn die Arbeiter nicht da sind. Die ganze

442 903 3435 222 Beaufsichtigung habe ich in diesen Tag fast allein in

492 1088 3511 209 die Hände genommen, kann aber natürlich höchstens

490 1279 1989 214 zu jeden Graben 1 mal gehen.

687 1549 3020 124 Komet u. Sternenhimmel vor Mondaufgang

527 1701 3199 165 wunderbar klar u. hell. Bei Tag mehrfach Regen.

700 1866 3293 174 27. Mai: Kann, wie erwartet, auch diesmal nicht

471 2043 3446 183 nach Niongala, da Janensch noch immer rechnet u.

488 2225 3487 188 zweifellos bis zur äußersten Stunde des Postabgangs

489 2398 3454 194 rechnen wird. Zum Lohntag muß ich auf alle Fälle

473 2563 3508 190 hier sein. J. wollte in diesem Jahre uns mehr Jagd„

504 2760 3497 202 ausflüge gönnen, nachdem er am Ngerengere Geschmack

516 2946 3523 198 daran gefunden hat, auch öfters nach Lindi kommen.

517 3126 3460 197 Bei der vervielfachten Arbeit dieses Jahres wird wohl

546 3350 3331 118 der Weg vom Wollen zum Ausführen nicht kürzer

485 3523 3488 192 sein. Inzwischen geht uns wahrscheinlich diese günstige

546 3719 1886 166 Gelegenheit bereits verloren.

752 3842 3117 236 28 Mai: Poscho-Zahlung. Mußte beim Abrechnen helfen u.

602 4024 3337 202 blamierte mich durch heftiges Verrechnen gehörig. Und dennoch!

559 4192 3261 226 Sonntag 29. Mai: Ruhetag im Lager. Aquarell u. Oel-Pinselei.

619 4434 1066 181 Nachm. etwas Regen.
