4292 5214
3816 289 81 50 7

521 374 3380 140 14 Mai. Janensch nach Mtapaia, wiederum ohne Erfolg. Mein Haus

527 522 3322 165 fertig gestellt, wir ziehen in's neue schöne Lager hinauf.

648 704 3248 141 Europa-Post; unter anderm Brief einer jungen Lehrerin, mit

520 852 3332 137 der ich einst ein Ehepaar schauspielerte. Ziemlich unverblümte

512 1049 3521 83 Liebeserklärung; ich finde das keineswegs unziemlich, sondern

523 1138 3411 169 gesund, zumal geschickt u. launig abgefaßt. Aber erwidern

517 1279 3441 195 kann ich es nicht, aus Mitleid darf man nicht heiraten.

557 1438 3175 205 Im Übrigen glaube ich sogar fast, daß ich auch mit ihr

517 1597 3364 213 sehr wohl leben könnte, wie ich mich überhaupt leicht

530 1772 3485 189 in jede Lage füge. Aber ich wünsche mich selbst leiden„

513 1965 1368 156 schaftlich zu verlieben.

712 2151 834 135 Poschozahlung.

514 2382 3292 161 Pfingst-Sonntag, d. 15. Mai: Vorm. Jagdausflug in die

551 2564 3197 186 Maimbwi-Gegend, nichts gesehen. Brief an Mama

531 2692 2860 209 begonnen in meinem Prunk-Arbeitsraum.

699 2884 3160 210 Es werden Knochen vom Nordwestfuß des Likonde-

557 3042 3164 216 Plateaus gemeldet u. gebracht. Sehr wichtig u. f. d.

574 3222 3155 216 Dinosaurier-Natur des v. Bornhardt gefundenen

579 3413 1994 191 Bruchstücks endgiltig beweisend.

696 3571 3109 206 Gemalt. Schach m. Janensch, leider nur Nachspiel

628 3715 3203 251 einer Meisterpartie aus d. Zeitung. Er liebt das sehr u.

636 3891 3187 232 es scheint mir ein Zug seiner zuweilen erkenn„

610 4036 3185 282 baren Unselbstständigkeit; ich schätze das Nachbeten

613 4241 3298 228 garnicht, finde mich dadurch nicht einmal belehrt.

723 4504 1000 161 Abends bewölkt.
