5065 7917
1300 210 2430 309 mir, Sie im Allgemeinen auf die mit dieſer Stelle
1282 308 2453 408 verbundenen Verpflichtungen hinzuweiſen, dabei
1291 376 2423 492 aber Sie zu erſuchen, auf die genaue Beobachtung
1287 470 2412 580 und Handhabung des Statuts vom 18. Janr. 1829.
1294 574 2439 673 und beziehungsweiſe der neuen organiſchen Ver‗
1277 645 2434 760 ordnung vom 18. April d. J., die Reviſion jenes Sta‗
1279 745 2455 862 tuts betr., mir Handtreue an EidesStatt abzulegen
1571 818 1914 969 (Factum.)
1278 934 2409 1051 Jndem ich nunmehr, Hochzuverehrende Herren,
1278 1029 2424 1133 Jhnen Jhren neuen Rector hiemit vorzuſtellen
1288 1111 2429 1235 die Ehre habe, kann ich Jhnen nur Glük wünſchen,
1282 1219 2419 1329 daß in der Epoche, welche fortan einen neuen
1284 1306 2403 1407 Abſchnitt in den Annalen der Univerſität
1300 1390 2417 1495 bezeichnen wird, ein Mann an Jhrer Spize
1279 1487 2431 1593 ſteht, deſſen manchfache Verdienſte um unſere
1295 1582 2441 1692 Hochſchule, deſſen rühmlichſt bekannter Charak‗
1292 1681 2406 1813 ter und deſſen große GeſchäftsErfahrung uns
1280 1785 2389 1890 die Bürgſchaft gewähren, daß er die neue
1281 1881 2413 1994 Ordnung der Dinge zur Zufriedenheit ſeiner
1281 1960 2428 2090 Collegen ſowohl als der höchſten Staatsbehörden
1281 2065 2409 2184 handhaben werde. Von Jhnen, Hochzuver‗
1288 2164 2437 2279 ehrende Herren, bin ich voraus überzeugt, daß
1275 2272 2419 2386 Sie recht gerne bereit ſind, Jhren neuen Herrn
1287 2362 2412 2466 Vorſtand in der Ausübung ſeines Amtes alle
1275 2457 2401 2572 Unterſtüzung zu gewähren und ihm die Laſt
1294 2564 1896 2661 deſſelben zu erleichtern.
1382 2655 2363 2772 Hochgeehrteſter Herr Rector! ich
1294 2764 2374 2880 erſuche Sie nunmehr von jezt an den
1290 2859 2385 2995 erſten Siz in dem akademiſchen Senat
1297 2990 2416 3106 einzunehmen, überhaupt von Jhrem Amte
1289 3087 2361 3203 nach allen Theilen Beſiz zu ergreifen,
1288 3199 2377 3303 insbeſondere die zum Rectorat gehörige
1284 3307 2389 3425 Acten zu übernehmen, und ſowohl der
1284 3404 2416 3518 akadem. Jugend, als den — dem akadem.
1283 3525 2380 3641 Senat untergeordneten Beamten und
