5065 7917
1266 302 2415 383 niederen Dienern die in der inneren Ver‗
1238 392 2386 497 faſſung der Univerſität eingetretenen
1243 463 2409 603 Veränderungen zur Nachachtung bekannt
1252 614 1551 705 zu machen.
1348 696 2434 823 /:Hierauf erfolgte eine Erwiederungs=
1383 803 2392 905 Rede des neuen Rectors, in welcher er
1406 900 2391 1010 im Weſentlichen ſeinen Collegen em‗
1383 1008 2368 1158 pfohlen hat und die Unterſtüzung
1390 1108 2359 1218 und Nachſicht derſelben in Anſpruch
1397 1186 2339 1324 nahm, und zugleich die Erwartung
1407 1287 2417 1440 ausſprach, daß ihm bei der Ausübung
1390 1404 2416 1534 ſeines Amtes Unterſtüzung und Nach‗
1379 1528 2377 1649 ſicht des Miniſteriums nicht fehlen
1357 1666 1640 1761 werde.:/
1240 1768 2413 1887 Noch habe ich einige Punkte, die Vollziehung
1242 1875 2371 1997 der neuen organiſchen Verordnung betr.,
1251 1985 1647 2087 zu beſprechen.
1315 2081 2399 2183 /:Univerſitäts=Amtmann, Univerſitäts=
1330 2172 2300 2289 Sekretär, Fakultäts=Dekane:/
1264 2300 2371 2420 Es bleibt mir nun nur noch übrig, einem
1249 2421 2377 2542 hochanſehnlichen Senat die Verſicherung
1252 2538 2399 2642 auszudrüken, daß es mir ebenſo angenehm
1252 2633 2391 2748 als ehrenvoll war, bei dieſem Anlaß
1257 2749 2373 2863 das Organ der Regierung zu ſeyn und
1258 2856 2341 2970 in Jhrer Mitte erſcheinen zu dürfen.
