5065 7917
978 269 1573 522 Vir magnifice!
512 670 2288 921 Jch war heute Nachmittag nothgedrungen, die Sitzung
523 833 1525 1062 auf kurze Zeit zu verlaſſen.
666 968 2320 1160 Während meiner Abweſenheit, kam die wichtige
530 1081 754 1337 Frage,
851 1168 2404 1390 ob dem Wunſche der Stadtbehörde rükſichtlich
866 1307 2309 1491 der Abtretung des Clinikums zu einem
872 1424 2382 1686 Cholera Spital entſprochen werden ſolle?
522 1680 1184 1858 zur Abſtim̄ung.
733 1794 2329 2042 Einem Theile der Debatte habe ich noch ange_
569 1921 2431 2150 wohnt, auch hatte ich die Ehre, Euer Magnificenz
566 2040 2408 2324 und einigen andern verehrlichen Senats Mitgliedern
582 2218 2438 2488 am Schluſſe der Sitzung noch meine Bedenklichkeiten
600 2390 2424 2640 über die Abweiſung jenes Antrags mitzutheilen.
720 2560 2418 2809 Sowohl durch Erſteres, als die mir auf lezteres
664 2721 2427 2943 gewordenen Erwiederungen hatte ich mich für hin_
574 2886 2396 3093 länglich unterrichtet, um über dieſe ſehr erhebliche
578 3024 2046 3303 Frage noch ein Votum abgeben zu kön̄en.
683 3187 2330 3473 Jch gebe dieſes hiemit gegen die Majorität,
596 3305 2349 3617 d. h. für die Ueberlaſſung des Clinikums zum
