5065 7917
1281 309 2378 452 beibehalten werden, als in der GeſchäftsOrdnu
1274 392 2390 539 diejenigen Fälle, in welchen der Senat das
1294 470 2392 613 PatronatRecht auszuüben habe, ganz über
1286 590 1772 714 ſehen worden ſey.
1301 643 2400 818 Bei der gehaltenen Umfrage wurde einſtim̄ig
1293 738 2293 903 für die geheime Stim̄gebung entſchieden.
1271 825 2395 991 Der zweite allgemeine Punkt beſteht nach den
1275 919 2350 1074 weiteren Vortrage des Herrn ProRektors
1287 990 2391 1140 darin̄: ob Stim̄zettel, welche von abweſenden
1292 1093 2387 1243 SenatsMitGliedern eingeſendet werden, als
1294 1191 2390 1355 gültig anzuſehen u. anzunehmen ſeyen? E
1275 1275 2389 1441 habe ihm nemlich Hℓ. Prof. Schübler, welche
1279 1362 2388 1532 heute verhindert ſey, der Sizung perſön
1292 1449 2387 1625 lich anzuwohnen, zwei verſchloßene Stim̄
1280 1555 2359 1706 zettel in Beziehung auf die Wahl zur
1292 1634 2386 1815 StadtPfarrey Leonberg u Pfarrey Nekar
1279 1734 2389 1921 thailfingen zugeſendet, u. er frage ſich
1263 1829 2380 2017 alſo, ob solche angenom̄en werden kön̄en
1311 1953 2256 2106 Bei gehaltener Umfrage gieng der
1518 2050 2027 2200 einſtim̄ige Beſchluß
1278 2154 2333 2316 dahin, daß abweſende MitGlieder nicht
1267 2220 2389 2420 ſtim̄en kön̄en, u. dem Hℓ. Profeßor Schübler
1278 2349 2267 2499 die Stim̄zettel zurükzugeben wären.
1605 2506 1681 2597 3,
1295 2553 2392 2729 Sofort wird Univ=AmtsVerw. Günzler auf
1281 2650 2397 2842 gefordert, Namens des krank gewordenen
1280 2750 2400 2925 Referenten, Dr Haug in Beziehung auf die
1274 2851 2404 3040 Meldungen um die Pfarrey Nekarthailfingen
1274 2990 1741 3122 Vortrag zu halten.
1309 3043 2391 3227 Nach Verleſung der betrℓ. Aktenstüke,
1280 3142 2392 3307 beſondere des von der theol. Fakultät ein
1285 3230 2396 3420 geholten Gutachtens über die aufgetretenen
1286 3325 2404 3490 Bewerber, u. nachdem Ref. Nachricht gegeben
