5065 7917
1377 293 2307 454 Hochzuverehrende Herrn!
1256 471 2416 626 Jch habe die Vorſchläge, welche ein hochan‗
1231 612 2401 728 ſehnlicher akademiſcher Senat am lezten
1239 706 2431 836 Freitag wegen Beſtellung des Rectoramts
1233 820 2383 938 beſchloſſen hat, dem Miniſterium des
1247 909 2413 1038 Jnnern und des Kirchen und Schulweſens
1236 1004 2419 1155 zur Einholung der Allerhöchſten Entſchei‗
1248 1116 2419 1255 dung Seiner Majeſtät des Königs vorge‗
1240 1231 2371 1367 legt. Dieſe Entſcheidung iſt nunmehr
1263 1329 2398 1461 erfolgt, und ich bin beauftragt, dieſelbe
1230 1439 2422 1570 Jhnen durch folgenden an den akademiſchen
1235 1546 2428 1671 Senat gerichteten Erlaß des Miniſteriums
1234 1660 1619 1768 zu eröffnen.
1355 1765 2387 1905 (:Leg. der Erlaß des Miniſteriums:)
1258 1910 2345 2026 Erlauben Sie mir nun, hochverehrteſter
1254 2011 2388 2131 Herr Vice Kanzler, daß ich in demſelben
1241 2124 2375 2245 Augenblik, in welchem ich Sie zu erſuchen
1233 2233 2338 2355 habe, Jhr ſeitheriges Amt als Vice=
1228 2337 2389 2473 Kanzler als aufgehoben zu betrachten,
1239 2442 2388 2572 Sie als denjenigen Begrüße, welchen der
1234 2549 2419 2693 ehrenvolle Ruf ſeiner Collegen nicht weni‗
1235 2669 2368 2790 ger als das Höchſte Vertrauen Seiner
1246 2772 2361 2900 Majeſtät des Königs für das laufende
1246 2889 2385 3003 akademiſche Jahr an die Spize der Uni‗
1249 3001 2050 3120 verſität geſtellt haben hat.
1359 3100 2350 3232 Meinem Auftrag gemäß habe ich
1245 3234 2409 3366 nun zu Jhrer Verpflichtung zu ſchreiten;
1251 3364 2386 3475 da Sie bereits in früherer Zeit als Rector
1247 3474 2423 3606 den Dienſt=Eid abgelegt haben, ſo genügt es
