5065 7917
2272 139 2410 216 402.
1272 334 2381 485 hatte, daß von denſelben Einer, namlich
1299 413 2418 572 Pfarrer Burk von Thailfingen von ſeiner
1289 489 2419 651 Meldung abgeſtanden ſey, u. daß ſomit blos
1351 580 2279 781 Pfarrer M. Faber von Magſtadt
1373 677 2314 832 Diaconus Mayer von Pfullingen
1376 768 2383 956 Pfarrer M. Moſer von Höfingen, u.
1401 899 2183 1052 Pfarrer Baur von Beinſtein
1278 994 2421 1151 als Competenten zu betrachten ſeyen, ſo
1299 1076 2430 1208 wurde alsbald zur Wahl geſchritten, welche
1293 1165 2135 1327 ſich durch Stim̄enMehrheit für
1392 1261 2317 1422 Pfarrer M. Faber in Magſtadt
1302 1431 1609 1537 entſchied.
1629 1547 1707 1625 4,
1285 1575 2401 1759 Sofort erſtattet Hℓ Prof. Fulda Vortrag
1289 1665 2393 1814 über die Bewerber um die StadtPfarrey
1285 1752 2412 1911 Leonberg. Um dieſe Stelle haben ſich zwey
1302 1874 2089 1996 Candidaten beworben, namlich
1398 1957 2340 2107 Diaconus M. Wächter in Marbach und
1423 2056 2315 2216 Pfarrer M. Steudel in Oberurbach:
1281 2129 2401 2321 welche nach der Anſicht des Hℓ. Referenten und
1281 2230 2385 2410 nachdem gleichfalls verleſenen Gutachten
1277 2316 2429 2500 der theologiſchen Fakultät zu der Stelle voll
1262 2449 1822 2572 kom̄en befähigt ſind.
1314 2507 2350 2681 Auf den — von einigen Seiten gemachten
1295 2585 2441 2761 Einwurf, daß das von M. Wächter vorgelegte
1297 2668 2426 2850 QualifikationsZeugniß blos die Dekanats_
1303 2782 2429 2950 Fähigkeit deßelben im Allgemeinen aus_
1305 2869 2421 3055 ſpreche, während es doch zur Form zu gehören
1290 2976 2427 3166 ſcheine, daß auch die Fähigkeit zur Meldung
1286 3057 2430 3221 um die StadtPfarrey Leonberg insbeſondere
1288 3162 2447 3312 ausgedrükt ſeyn sollte, wurde von Hℓ. Pro_
1271 3260 2402 3416 Rektor die Frage zur Abſtim̄ung gebracht,
1367 3347 2419 3526 ob das vongelegte Zeugniß genüge, oder
