3808 5349
118 90 98 130 3.)

437 192 1225 138 uns Kaffée. Dann kam Frau Labahn

430 281 1246 122 und bald darauf wurde unser Gepäck ge-

428 357 1248 125 bracht, das wir zuerst auspackten. Bruno

436 427 1053 84 schrieb unterdessen eine Karte an

1449 421 44 51 die

1489 423 274 89 Großeltern.

419 505 1275 117 Als wir mit Auspacken und Ordnen fertig

445 579 1239 113 waren, gingen wir an unsrer früheren

437 659 1252 126 Wohnung, von der ich nur den Schweine-

418 756 1282 69 stall und die gegenüberliegende Wiese er-

441 804 1176 111 kannte, vorbei nach dem Strande, der

433 879 1256 112 uns außerordentlich sehr gefiel. Wir gin-

428 952 1246 119 gen ein Wenig am Strande entlang und

442 1023 1306 91 darauf nach Kurth's Gasthaus, wo wir war-

439 1096 1235 100 mes Abendbrot aßen, da wir den ganzen

425 1156 1338 126 Tag noch nichts Ordentliches gegessen hatten.

436 1262 1335 90 Von dort gingen wir nach Haus, sprachen noch

430 1310 1305 125 etwas mit Herrn und Frau Hoth und einer

448 1408 1272 118 Dame aus dem Hause und gingen um 9 Uhr

446 1481 833 118 zu Bett. Ich erkannte von

441 1566 1286 131 Ich hatte von Heringsdorf nur noch wenig

445 1638 1284 129 erkannt, jedoch Mama u. Bruno erinner-

440 1750 1318 92 ten sich noch an vieles. Unser Haus liegt sehr

438 1799 1295 120 hübsch in einem ziemlich großen Garten mit

445 1875 1229 130 hohen Bäumen. Wir wohnten eine Treppe

444 1945 1315 119 hoch in sehr hübschen Zimmern. Von der Treppe

440 2049 1276 131 aus sind zwei Thüren zu unsrer Wohnung.

464 2159 1274 88 Eine T führt in die Küche, von der aus man in

449 2224 1244 117 die Speisekammer und die Speisekammer

458 2315 1300 68 auf der einen Seite und in ein Schlafzim-

453 2371 1280 108 mer auf der andern Seite kommt. Von die-
