3807 5349
106 105 78 68 65

489 99 1284 133 gingen noch ein Stück weiter bis zum Felsen„

464 177 1252 131 thor. Darauf gi machten wir Kehrt, und gingen

468 245 1204 131 bis zur Thalspaltung zurück, um jetzt den

459 316 1278 130 zweiten Weg zu gehen. Unterwegs photogra„

461 385 1294 132 phierte uns Bruno an einem Felsvorsprung.

473 469 1204 107 Jetzt trafen wir einen Wagen, dem wir

456 537 1275 139 unser Gepäck bis zur Bastei mitgaben. Wir

448 636 1282 109 selbst marschierten jetzt erleichtert weiter.

442 678 1329 144 Unser Weg führte uns zunächst zur Schiefer„

449 754 1301 133 tafel, einer schmalen, losgetrennten Felsen„

444 825 1305 139 platte von gewaltigem Umfange. Hier be„

449 902 1309 119 gannen Erna die Sohlen zu brennen, weil,

444 962 1304 133 wie sie sagte, sie zu lange in die Höhe ge„

451 1034 1258 119 sehen hatte. (Anm. d. Red.:?!!!?!!!) Bald kamen

467 1111 1237 126 wir zu einer Chaussee, wo wir eine kurze

482 1178 1294 115 Rast machten. Dabei setzte sich ein Schmetter„

469 1259 1110 131 ling ganz ungeniert auf meine Hand

1579 1257 83 61 und

1579 1265 212 118 praemier„

460 1343 1294 84 te auf mir herum, um sich endlich auf meinem

477 1404 1244 121 Stocke häuslich niederzulassen. Auch, als wir

466 1484 1252 140 uns wieder auf den Weg machten, konnte

480 1574 1261 124 er sich lange nicht wieder von uns trennen.

460 1638 1230 128 Am steinernen Tisch vorbei kamen wir

479 1705 1253 125 zu abermals zu einer Chaussee und über

484 1772 1185 131 dieselbe hinweg zum Wehlstein, von

471 1850 1175 116 dem man tief hinab einen herrlichen

493 1898 1254 136 Blick in die zerrissenen Felswände des

479 1980 1242 129 Wehlgrundes hat. Einige Schritte weiter

480 2058 1291 114 stand das Hotel der Bastei, wo wir Kaf„

483 2155 1231 105 fee tranken. Alsdann besichtigten wir

503 2184 1263 125 den Basteifelsen und den herrlichen Blick

508 2262 1236 100 in's Elbthal. Nun gingen wir über die mit

515 2343 1251 98 großer Kunst erbaute Basteibrücke, wo ich

509 2389 1268 123 eine photographische Aufnahme machten, kehr„

91 747 286 124 Schiefertafel.

97 1659 314 113 Steinerner Tisch.

122 1763 304 124 Wehlstein.

113 1980 289 98 Wehlgrund

151 2053 218 110 Bastei.
