3807 5349
1678 86 94 110 2.)

145 180 1627 183 „nur“ 20 Min. zu spät abfuhren, nachdem wir uns nach

144 295 1615 133 längerem Verhandeln mit Herrn u. einer Dame in das

138 387 1622 139 erste beste Coupée gesetzt hatten, das denn auch merk-

140 456 1618 150 würdiger Weise das richtige war. Der Zug ging 9,13 ab. Die

142 567 1630 101 Fahrt war ziemlich stumpfsinnig. Um 10,40 kamen wir nach

141 637 1609 127 Angermünde, wo wir eine Depesche an Frau Labahn auf-

138 705 1548 146 setzten, daß wir erst um ½3 dasein würden. Um 12,12

146 817 1619 111 kamen wir nach Pasewalk, wo 10 Min. Aufenthalt sein sollte.

115 890 1671 136 Als wir nun dachten, jetzt würde es weiter gehen, da hieß

131 965 1615 144 es plötzlich, wir müssten umsteigen in den Zug, der uns

148 1042 1634 134 hier eingeholt hatte. Selbstverständlich war dort kein

128 1123 1636 115 Platz mehr, aber es wurde welcher gemacht und wir

158 1235 1596 114 quetschten uns auch hinein. Erst fuhr unser erster

147 1333 1640 94 Zug weiter, dessen Stelle sofort ein andrer Extrazug

143 1438 1617 100 einnahm, dann fuhren wir ab und auch uns folgte

138 1508 1608 110 ein Extrazug, da der Verkehr sehr stark war. In

132 1563 1674 160 Ducherow, wohin wir um 1,46 gelangten stiegen meh-

133 1671 1596 138 rere aus und wir bekamen etwas Platz. Von jetzt ab

140 1768 1648 108 wurden wir immer ungeduldiger und die Fahrt immer

134 1838 1651 107 langweiliger bis wir endlich um ungefähr 3,21 in statt,

124 1905 1627 104 wie beabsichtigt, um ½12 in Heringsdorf ankamen, wo

157 1980 1645 92 uns Frau Labahn und Herr Hoth auf dem Bahnhof emp-

152 2058 1598 125 fingen. Herr Hoth begleitete uns ein Stück und kehrte

135 2140 1566 127 dann wieder zur Bahn zurück, während wir nach

129 2215 1669 144 einigen kleinen Umwegen an unserm Ziele ankamen.

130 2312 1682 156 Frau Hoth zeigte uns unsre Wohnung und hal brachte
