3808 5349
1688 80 83 101 64

399 130 1031 169 I Tag. (Donnerstag d. 13.7.99.)

181 324 1236 152 Nachdem wir früh um 5 Uhr aufgestanden,

150 391 1267 157 uns fertig gemacht und von Richard und

142 459 1257 172 Großmama, die auch herübergekommen

143 545 1215 137 war, verabschiedet hatten, fuhren wir

131 622 1245 141 in einer Droschke zum Anhalter Bahnhof,

137 701 1302 99 von wo unser Zug um 8 Uhr abdampfte.

147 773 1231 119 Unsre Reisegefährten waren ein Radlerehe„

144 839 1229 113 paar und ein älterer Herr, der bald eine

137 902 1171 116 Unterhaltung in Gang brachte. Er ließ in

143 971 1282 140 humorvoller Weise recht energische, doch ganz

132 1029 1297 112 nette Anschauungen durchblicken. Wir spielten

141 1110 1274 115 auch noch Skat, und so verging die Eisenbahn„

140 1156 1246 146 fahrt ziemlich schnell. In Pirna, wo wir um

138 1241 1225 135 ¾12 ausstiegen, trennten wir uns. Wir

133 1334 1191 123 fuhren von dort mit dem Dampfschiff nach

137 1371 1240 149 Wehlen, wo wir im Dampfschiffhotel Mittag

126 1461 1289 116 aßen. Dann gingen wir durch die Stadt auf ei„

130 1544 1213 129 ne kleine Anhöhe, auf der ein verfallner

122 1612 1288 138 Turm eine hübsche Rundsicht gewährt. Wir stie„

149 1677 1164 122 gen wieder hinab und gelangten in den

148 1784 1247 91 Uttewalder Grund, ein reizendes Thal, von

139 1844 1273 117 einem rieselnden Quell durchflossen und von

150 1909 1247 127 felsigen, bewaldeten Bergrücken eingeschlos„

134 1987 1249 156 ssen. Ein bequemer Weg führte uns eine ge„

132 2048 1297 130 raume Zeit hindurch bis zu einer Thalspaltung.

144 2120 1236 157 Wir schlugen jetzt den Weg nach links ein,

137 2201 1262 115 immer an schroffen Felswänden entlang

140 2265 1247 102 und gelangten zur Waldschänke, die in einer

151 2337 1266 105 kleinen Thalerweiterung, der Waldwiese liegt.

146 2395 1162 131 Hier nahmen wir unsern Kaffee ein und

597 2459 503 90 (einen kleinen Imbiß)

1567 1190 178 107 Pirna.

1530 1391 234 118 Wehlen.

1457 1769 361 114 Uttewalder Grund

1544 2266 267 137 Waldschänke.
