3807 5349
146 117 105 85 103

359 122 1220 117 Völkern das poetische Empfinden der

373 200 1258 120 wissenschaftlichen Betrachtung voran,

370 278 1322 127 (s. auch Schillers: „Die Künstler“) doch aber

372 348 1331 148 glaube ich, daß der Naturphilosoph erst

374 456 1318 125 aus dem Forscher  wird. Der Mensch findet

380 530 1312 131 Gefallen an der Natur (Poet), sucht sie näher

365 623 1310 114 zu ergründen durch Sammeln von That„

379 688 1294 135 sachen und deren Verarbeitung zu Natur„

393 771 1288 123 gesetzen (Forscher) und dann erst kann er

376 854 1282 126 daran gehen, nachzudenken, welches die

385 924 1357 141 fernere Entwicklung der Natur nach diesen

385 998 1292 153 Gesetzen sein wird (Philosoph). Es ist die

366 1086 1290 136 dreifache Thätigkeit des menschlichen Hirns:

394 1174 1298 108 Fühlen, Denken, Wollen. Man nimmt erst auf,

374 1271 1373 85 verarbeitet dann das Gewonnene und giebt

377 1323 1353 123 schließlich das Resultat irgend wie wieder.

397 1401 1235 108 Vielleicht könnte der Materialismus die

391 1461 1337 132 erste Stufe hinter sich haben und mit der 2ten

405 1554 1272 137 beginnen? Doch das wäre ein Trugschluß:

380 1619 1339 141 Die Wissenschaft ist wohl ein Sprößling der

369 1708 1373 121 Kunst, aber einer, der in gleicher Stärke mit

381 1791 1378 125 dem Stanm parallel läuft. 1. u. 2. müssen

382 1877 1346 124 zusammenwirken, um 3. hervorzubringen

395 1959 1332 127 (Ich möchte die Wissenschaft mit dem Vater, die

368 2046 1395 116 Kunst mit der Mutter vergleichen.) Immer

376 2118 1336 132 wieder ist der B beste Beweis für richtige,

381 2219 1281 122 gesunde Naturphilosophie Goethe, der doch

368 2322 1251 134 wahrlich d. dichterische Ergötzen an der

145 202 101 530 Also Übereinstimmung!

91 188 108 592 (Beim Einschreiben: 24.III.02.)
