3808 5349
1674 89 96 89 66

140 91 1349 113 ten um und wandten uns jetzt wieder mit

140 153 1351 147 Gepäck zu den Schwedenlöchern. Durch hohe

133 241 1358 105 steile, oft seltsamgeformte Felswände führt

116 300 1441 150 hier ein schmaler Abstieg oft durch unter Felsen

126 379 1438 131 hinweg in den Amselgrund. Zuweilen glaub„

126 484 1431 91 ten wir, da in eine Sackgasse geraten zu sein,

119 515 1412 141 wenn wir vor uns plötzlich den Weg auf„

127 598 1385 132 hören sahen, doch immer entdeckt man eine

118 673 1361 110 Spalte, durch die sich der Weg weiter hin„

128 717 1363 135 durchzwängt. Zum Photographieren war es

109 801 1415 161 leider zu dunkel. Den Amselgrund verfolg„

97 864 1373 163 ten wir aufwärts bis zum Amselfall. Ich

106 936 1385 117 war ein wenig voraus und kroch in die

135 1015 1345 141 Höhle, die sich hinter dem Wasserfall be„

132 1086 1220 158 findet, ein paar Schritt hinein, als ich

135 1154 1316 165 plötzlich ein verdächtiges Geräusch über

154 1260 1346 84 mir vernahm. Ich konnte noch grade schnell

126 1314 1365 145 zurückspringen, um dem herabstürzenden

132 1388 1339 155 Wasserschwall zu entwischen. Wir waren

144 1460 1346 161 jetzt ziemlich ermüdet und freuten uns, als

152 1536 1332 149 uns ein Hausdiener eines Gasthauses sein

143 1606 1241 162 Quartier anbot. Wir mußten noch eine

139 1682 1314 162 halbe Stunde steigen - das Gepäck trug der

151 1744 1330 164 Hausdiener - und bekamen dann in Rathen„

141 1857 1340 84 walde zwei nette Zimmer. Nach dem Abend„

130 1920 1319 126 brot, das eine junge Katze und zwei Hunde

127 1995 1331 91 durch ihre Anwesenheit „verschönten“, gingen

130 2039 1338 137 Bruno und Erna ein wenig ins Dorf. Dann

121 2139 1260 109 krochen wir in unsre Betten und schliefen

119 2198 1284 115 mit Ausnahme von Mama, Bruno und

141 2273 1287 137 Erna ganz vorzüglich bis zum Morgen.

1532 148 292 140 Schwedenlöcher.

1559 338 264 157 Amselgrund

1524 828 250 156 Amselfall

1497 1759 313 129 Rathenwalde.
