3807 5349
107 80 70 113 7.)

457 227 1283 107 beitete. Um ½1 gingen wir nach Kurth's

446 297 1252 104 Gasthaus * und aßen dort sehr gut zu

441 370 1260 113 Mittag. Von dort gingen wir wieder nach

457 448 1243 125 Hause und waren unschlüßig, ob wir ge-

435 528 1284 97 hen sollten, oder nicht. Ich arbeitete noch

438 596 1266 107 etwas und, da es nur ganz wenig regnete,

445 659 1255 107 wollten wir zum Förster gehen. Als wir

444 736 1283 108 ein Stück die Chaussée gegangen waren,

448 804 1263 130 fing es an stärker zu regnen, doch gingen

440 873 1297 119 wir weiter und es hörte bald wieder auf.

451 952 1259 125 Wir kehrten in einem großen Restaurant

442 1035 1261 71 mit einer Kapelle ein, das mir gar nicht

440 1094 1274 114 sehr förstermäßig vorkam, da auch Kellner

445 1160 1227 115 dawaren. Nachher gingen wir weiter und

453 1233 1240 112 merkten auch, daß wir garnicht beim För-

445 1307 1236 85 ster gewesen waren, sondern kamen erst

443 1387 1268 90 jetzt daran vorbei und stiegen auf einen

464 1439 1262 97 Berg, auf dem einen Turm war. Dieser war

449 1524 1228 75 aber verschlossen und wir stiegen an den

450 1582 1245 104 Strand hinab. Dort war ein ziemlich gro-

445 1651 1199 113 ßer, aber junger Hund, der alles aus dem

455 1706 1259 132 Wasser herausholte, was man hineinwarf,

435 1817 1196 78 doch da er nicht schwimmen konnte,

434 1879 1312 67 ging er nur so weit, als er Grund hatte,

441 1926 1302 107 und, als ein kleinerer Hund weiter hinaus-

442 2018 1271 92 schwamm, war er so neidisch, daß er den

447 2053 1283 113 andern nicht wieder herauslassen wollte

437 2124 1295 118 und ihn nachher verjagte. Als wir weiter

436 2192 1308 117 der Kaiser Wilhelm Brücke zugingen, sahen

454 2270 1303 120 wir einen wundervollen Regenbogen von

433 2350 1246 106 Misdroy aus ins Meer ragen, denn die

430 2407 1290 122 Sonne war wieder hervorgekommen und

111 243 298 74 * vorher be-

109 296 296 56 stiegen wir

104 328 335 68 noch den Kulm,

100 352 278 69 einen Berg,

112 404 314 54 von dem man

101 441 335 59 eine sehr schö-

104 474 277 62 ne Aussicht

101 502 342 82 auf die See hat.
