5220 7925
1324 342 2458 474 das entſchiedene Lehrtalent, nicht aber auf
1306 436 2405 556 die theologiſche Richtung Dr: Oehlers,
1312 533 2444 642 welche für jezt wenigſtens noch eine ganz
1291 609 2147 719 einſeitige ſei, beziehen könnte.
1327 666 2412 817 Da das Hohe Collegium darinn einig iſt,
1301 777 2467 890 daß, wenn der erſtern Eigenſchaften Dr: Oeh
1321 845 2409 974 ler's Erwähnung geſchehe, auch die leztere
1297 937 2450 1051 nicht übergangen werden dürfe, ſo wurde
1318 1008 2436 1130 beſchloſſen, beides ganz wegzulaſſen, und
1306 1094 2455 1211 den entworfenen Bericht ſeinem ganzen
1309 1160 2059 1282 Jnhalt nach zu genehmigen.
1791 1313 1855 1398 4.
1329 1410 2473 1571 Jn einer Eingabe vom 2. Decbr. v. Js. bittet
1327 1513 2477 1649 der Privatdocent Dr: Schill, ihm nunmehr
1328 1603 2431 1734 einen definitiven Wirkungskreis im
1302 1688 2470 1828 Lehrfache der Medicin an der LandesUni‗
1343 1800 1912 1893 verſität anzuweiſen.
1358 1851 2439 1977 Die mediciniſche Fakultät gab hierüber
1334 1951 2468 2060 unterm 23. d. Ms. die gutächtliche Aeuſſer‗
1327 2014 2443 2144 ung ab, daß ſich dieſes Geſuch nicht eher
1321 2105 2417 2211 begutachten laſſe, biß die Stelle eines
1338 2163 2440 2291 AſſiſtenzArztes an Clinicum beſezt ſey.
1328 2226 2482 2360 Der Herr Referent bemerkt hierüber, daß
1319 2334 2475 2460 hienach die mediciniſche Fakultät die Ab‗
1306 2409 2468 2531 ſicht zu haben ſcheine, bei Beſezung dieſer
1327 2488 2457 2593 Stelle auf Dr: Schill Bedacht zu nehmen,
1314 2564 2482 2685 während der AſſiſtenzArzt nicht ein beſtändi‗
1310 2641 2473 2759 ger, ſondern ein wechſelnder ſeyn ſolle, und
1322 2707 2478 2805 Dr: Schill einen beſtim̄ten Wirkungskreis
1337 2806 1868 2901 zu erhalten wünſche.
1354 2849 2443 2968 Sein Antrag geht daher dahin, daß die
1321 2939 2427 3056 Schill'ſche Eingabe, da die abgegebene
1319 3012 2467 3134 Aeuſſerung derſelben offenbar ungenügend
1306 3095 2395 3201 ſey, der verehrlichen, mediciniſchen
1320 3170 2484 3283 Fakultät zurükzugeben ſey, mit der Auffor‗
1305 3242 1640 3358 derung, ſich
1327 3296 2467 3426 1.) über die bißherigen Leiſtungen und die
1396 3387 2314 3500 Fähigkeit des Bittſtellers, ſo wie
1323 3475 2510 3586 2.) über einen demſelben etwa anzuweiſenden
986 1359 1262 1485 Referent:
615 1421 1283 1579 Herr Prof. Dr: Reyſcher.
934 1573 1268 1663 zur nr. 242.
1169 1649 1259 1711 24.
907 1700 1249 1844 Correferent.
583 1793 1284 1920 Herr Univerſ: Amtmann
1031 1883 1239 1977 Riecke.
