5220 7925
1286 256 2477 396 unter Anführung der beantragten 2. weitern Momente,
1298 353 2410 480 daß dem Professor Peschier weder aus
1294 438 2443 572 Rechts= noch aus BilligkeitsGründen eine
1284 530 2460 650 weitere Entſchädigung an Umzugskoſten
1291 623 2046 739 zu bewilligen ſeyn möchte.
1801 775 1872 835 3.
1316 902 2475 1058 Nach dem Repetent Dr: Oehler ſeinen Berich
1304 1011 2416 1140 über die vor ihm mit Unterſtüzung aus
1316 1109 2464 1215 Staatsmitteln unternom̄ene, wiſſenſchaftliche
1312 1193 2467 1304 Reiſe erſtattet, und die philoſophiſche Fakul‗
1318 1261 2463 1381 tät ihre gutächtliche Aeuſſerung hierüber ab‗
1302 1344 2445 1453 gegeben hat, ſo iſt nun mehr der von dem
1309 1410 2419 1532 k. Miniſterium in dem Erlaſſe vom 23.
1303 1476 2461 1619 Maerz 1839. verlangte, weitere Bericht
1316 1570 2455 1692 und Antrag hinſichtlich der Wiederbeſezung
1303 1646 2482 1774 der erledigten Lehr Stelle für orientaliſche
1299 1730 1946 1841 Literatur zu erſtatten.
1317 1814 2443 1932 Die philoſophiſche Fakultät glaubt, ſich eines
1308 1885 2459 2006 beſtim̄ten Antrags auf die Anſtellung Dr's
1318 1979 2417 2084 Oehler als academiſcher Privatdocent
1303 2023 2448 2174 jezt um ſo mehr enthalten zu können und zu
1313 2109 2412 2232 ſollen, als ſeine Anſtellung am Collegium
1294 2195 2476 2312 der Repetenten ihm Gelegenheit gebe, Proben
1307 2274 2433 2394 ſeiner Tüchtigkeit als Docent abzulegen.
1321 2341 2457 2468 Der Herr Referent ſtim̄t hiemit überein.
1306 2437 2460 2556 Da ſich jedoch gegenwärtig die Gelegenheit
1315 2508 2482 2638 darbietet, einen ausgezeichneten Orientali‗
1327 2594 2465 2711 ſten, nemlich den kürzlich noch in Göttingen
1345 2663 2442 2778 angeſtellt geweſenen Professor Ewald,
1313 2742 2467 2864 für die hieſige Univerſität zu gewinnen,
1299 2820 2443 2926 ſo wird von dem Herrn Referenten der
1308 2905 2471 3012 Antrag geſtellt, daß dieſer für die erledig
1322 2971 2480 3086 te Lehrſtelle berufen werden möchte, womit
1330 3050 2472 3166 auch der Herr Correferent einverſtanden iſt
1339 3119 2483 3253 Herr Prof. Dr: v. Schrader iſt der Anſicht
1310 3213 2407 3327 daß über dieſen beſtim̄ten Antrag des
1324 3281 2479 3400 Senate Referenten vorerſt die philoſophi‗
1311 3355 2415 3476 ſche Fakultät auch zu hören ſeyn werde,
1319 3437 2458 3556 welcher Anſicht mehrere verehrliche Mit‗
2243 3535 2467 3611 glieder
918 834 1242 958 Referent
566 923 1297 1063 Herr Prof: Dr: Kuhn
921 1031 1237 1129 zur nr. 216.
1156 1121 1222 1212 3.
864 1204 1219 1316 Correferent:
551 1286 1296 1417 Herr UniverſitätsAmtm.
946 1386 1210 1483 Riecke.
