5220 7925
1726 263 1793 339 4.)
1299 341 2458 476 Univerſ. Amtman̄ trægt ferner wegen Vergebung
1305 417 2464 537 der vacant Port gewordenen Portionen des Staats_
1296 495 2494 643 ſtipendium vor, daß ſtud. Kallman̄, Kieß, Næckle,
1313 591 2461 715 Maurer ein Theil dieſer ausgefallenen Portio_
1309 686 2453 828 nen ╕ zugeſchieden werden, dagegen Stud. Link
1308 776 2450 934 übergangen werden ſollte. Einem in dieſem Sin̄e
1303 844 2437 1028 vorgelegten Bericht, welcher die Gründe des
1294 948 2442 1120 Vorſchlags enthält, wird die Zuſtim̄ung mit
1316 1035 2214 1178 einer kleiner Abænderung ertheilt.
1699 1193 1798 1307 5.)
1294 1310 2449 1438 Wegen Vollziehung des Verbots des vormittægigen
1307 1387 2460 1517 Beſuchs der Converſationszim̄er des Muſeum,
1301 1487 2442 1604 beantragt Univerſ. Amtman̄, daß ſchon der
1316 1567 2455 1687 Aufenthalt in jenen Zim̄ern, ohne daß gerade
1311 1650 2475 1770 getrunken würde, unter das Verbot ſubſu_
1306 1774 1419 1843 mirt
1377 1721 1510 1794 ╕ werde
1419 1723 2455 1873 , übrigens die Handhabung mit Umſicht ge_
1306 1807 2460 1960 ſchehen ſollte. Durch Mehrheit beſchloßen, daß der
1288 1914 2437 2053 bloſe Aufenthalt in den genan̄ten Zim̄ern, wen̄
1304 1985 2439 2142 nicht getrunken würde, unter das Verbot nicht
1297 2098 2056 2230 falle und nicht zu ſtrafen ſey.
1678 2223 1739 2322 6.)
1305 2352 2346 2477 Rector Magnif. bringt die Ernen̄ung von
2261 2313 2391 2383 Geld=
2346 2349 2482 2428 Admi_
1296 2428 2272 2558 niſtratoren einiger Stiftungen, Broll
2279 2414 2365 2472 iſchen
2254 2424 2431 2503 , Wein_
1297 2520 2434 2651 mæn̄iſchen, Kellenbenziſchen zur Sprache und
1306 2585 2410 2728 zur Erin̄erung, damit die Sache von den Ferien
1314 2689 2482 2820 genehmigt werde. Genehmigt, und beſchloßen
1284 2765 2481 2874 die betreffenden erſten Adminiſtratoren
1297 2819 2401 2928 zu ihren Vorſchlägen aufzufordern.
1683 2906 1768 2961 7.
1298 2968 2466 3114 Hℓ: Univ. Amtman̄ hält einen Vortrag, betreffend
1313 3058 2475 3183 die Einrichtung einer neuen Wohnung für den Diener
1308 3154 2458 3266 des Naturaliencabinets, und theilt darin̄ die
1317 3221 2419 3357 Bemerkungen mit, welche auf eine Note
1316 3330 2466 3469 der Königℓ. Finanzkam̄er gemacht werden
1295 3428 2478 3574 ſollten, unter Zugrundelegung einer Gutæcht_
251 642 1272 755 ╕ und zwar dem ſtud. Näckle — 75 f.
301 710 1070 796 den ſtud. Kallman̄, Kies
305 764 1262 848 ud Maurer à 45 f — 135f.
381 1713 985 1826 ╕und daher gerügt
