5220 7925
2351 144 2476 237 495.
1292 288 2260 429 des Hohen Collegiums beipflichten.
1345 396 2471 535 Der Herr Referent widerſpricht die Noth‗
1325 483 2443 616 wendigkeit eines neuen FakultätsGut‗
1299 578 2484 689 achtens, ſofern die Mitglieder der Fakultät
1357 658 2471 773 anweſend ſeyen, und ihre Anſicht über den
1326 739 2472 850 neuen Antrag, wenn ſie ſich für hinreichend
1320 822 2402 934 inſtruirt halten, über die Perſon des zu
1335 893 2365 1000 Berufenden, jezt wohl äuſſern können.
1327 973 2473 1091 Herr Dr: v. Sigwart iſt dagegen; Herr
1338 1060 2464 1175 Dr: Kern aber ſpricht ſich dahin aus, daß es
1324 1131 2483 1262 wünſchenswerth ſeyn könne, wie im vorlie‗
1330 1210 2456 1334 genden Falle, daß eine Sache auf die von
1312 1288 2445 1396 dem Herrn Referenten vorgeſchlagene
1343 1370 2485 1481 Weiſe begutachtet werden möge; worauf
1310 1432 2452 1552 von Herrn Rector die Lage der Sache noch‗
1323 1506 2445 1628 mals auseinander geſezt, und die Ueber‗
1328 1584 2488 1721 zeugung ausgeſprochen wird, daß die Sache
1339 1668 2501 1789 an die Facultät nicht zurükgegeben werden
1335 1732 2405 1867 müſſe, ſondern daß es ſich nur darum
1319 1821 2488 1939 handeln könne, ob es angemeſſen ſei, ſie über
1333 1907 2271 2018 den neuen Antrag zu vernehmen.
1345 1990 2440 2117 Ueber lezteres wird ſofort abgeſtim̄t
1330 2077 2459 2199 und die geſtellte Frage beinahe einſtim̄ig
1339 2167 1622 2244 verneint.
1341 2225 2432 2355 Da über die vorzügliche Richtigkeit des
1329 2305 2489 2437 Professors Ewald von keiner Seite etwas
1342 2409 2459 2513 eingewendet wird, ſo wird der geſtellte
1339 2474 2487 2596 Antrag auf ſeine Berufung an die hieſige
1339 2556 2461 2682 Univerſität zum Beſchluß förmlich er‗
1336 2643 1529 2725 hoben.
1341 2690 2492 2840 Von Herrn Professor Dr: v. Mohl wird
1349 2797 2491 2917 hierauf der Antrag gemacht, daß, nach‗
1344 2872 2464 2995 dem nun Dr: Oehler zurükgeſtellt ſei,
1336 2976 2383 3071 demſelben eine andere angemeſſene
1323 3034 2434 3152 Stellung ausgewirkt werden ſollte, zu
1342 3126 2464 3231 welchem Zwecke Herr Prof. v. Schrader
1326 3206 2489 3314 vorſchlägt, des Eifers und der erfolgrei‗
1327 3264 2415 3391 chen Thätigkeit des Dr: Oehler in dem
1330 3346 2403 3462 Berichte rühmliche Erwähnung zu thun,
1334 3407 2508 3533 wogegen Herr Prof. Dr: Kern einwendet,
1311 3489 2484 3615 daß ſich eine ſolche Anerkennung blos auf
