5570 8490
4810 236 5001 413 258.
2610 413 4974 745 Noch wurde von dem Herrn Rector ange‗
2671 663 4913 1066 fragt, ob nicht auch die Privatdocenten
2627 950 4975 1330 ſich habilitiren ſollten, vor jeder Anſtel_
2618 1198 4911 1527 lung zu irgend einem StaatsAmt eine
2621 1403 4388 1841 Prüfung vorangehen müße.
2649 1685 4996 2018 Die Habilitirung kön̄te, durch ein Colloquium
2629 1913 4864 2306 mit der betreffenden Fakultät, oder durch
2584 2159 4943 2583 eine öffentliche Vorleſung über ein Thema
2550 2399 3121 2722 geſchehen.
2600 2654 4864 3088 Herr Canzler in der jurid. und medizini_
2569 2901 4904 3343 ſchen Fakultät müße einer legitimo modo
2592 3145 4922 3633 Doctor ſeyn; in der theologℓ. und philoſophi_
2522 3399 4784 3813 ſchen Magiſter ſeyn und Theses verthei_
2509 3667 3223 4021 digt haben
2549 3939 4862 4371 Hern D. Bengel. Theses wären zu P publik
2551 4199 4906 4638 für einen Privatdocenten, zumal derſelbe
2556 4476 4931 4887 ſodann Anſprüche machen würde. Er votir
2528 4788 4429 5107 votire nur auf ein Colloquium.
2567 5002 4779 5437 Herr Prof. Fulda. Die Privatdocenten
2576 5312 4890 5756 ſollten entweder eine Abhandlung liefen
2532 5575 4203 5930 oder ein Colloquium beſtehen.
2588 5823 4839 6229 Herr Dr. Ferd. Gmelin. Er trage entweder
2550 6072 4849 6514 auf eine Abhandlung, oder auf Theses oder
2519 6335 4296 6768 auf ein Colloquium an. acc rel:
3314 6642 3692 6840 Concl.
2687 6707 4084 7054 Cum Dr D. Ferd. Gmelin
