5570 8490
5102 286 5267 523 2.
2678 403 5190 738 nach erhaltenem Ueberblick des Ganzen eine
2703 602 5181 935 gemeinſchafftliche Zuſam̄enkunfft gehalten und
2695 844 5222 1135 mit Sicherheit ein Plan entworfen werden.
2760 1052 5237 1406 Das bisherige Hinderniß ſeye in einer dife_
2658 1286 5272 1591 renz zwiſchen dem Herrn Kanzler v. Schnurrer
2648 1449 5209 1828 und Herrn Prof. v. Tafinger gelegen. Ohne ſich
2653 1684 5297 2020 nun hierüber einzulaßen, bitte er den Herrn
2681 1874 5167 2168 Kanzler dieſer deliberation als Kanzler
2693 2066 5282 2460 anzuwohnen, da ohnehin die Speieriſche Stifftung
2707 2277 5034 2663 keinen großen Einſluß auf die Sache habe.
2737 2507 5163 2795 Es wurde noch von des Herrn Curators Ex_
2711 2700 5254 3053 cellenz angefragt, ob ein Mitglied des Senats
2678 2945 5181 3252 etwas zu proponiren habe? Worauf Herr
2685 3116 5234 3469 Kanzler v. Schnurrer aeußerte: Nach der Fun_
2696 3342 5255 3692 dation der Steieriſchen Stifftung ſeye ein jewei_
2688 3510 5134 3815 liger Kanzler Adminiſtrator derſelben.
2680 3708 5190 4019 Zur Zeit des Canzlers le Bret habe Herr Prof.
2708 3924 5213 4243 Tafinger als Lehrer des canoniſchen Rechts
2723 4134 5220 4427 die Adminiſtration übernom̄en. A. 1806. da
2692 4321 5279 4652 er Canzler worden, hätte er die Adminiſtration
2680 4532 5119 4818 dieſer Stifftung nicht vindiciren wollen. Nun
2685 4737 5221 5045 habe Herr Prof. v. Tafinger auf einmal geglaubt,
2677 4935 5245 5286 daß er Luſt hätte, ſeine Rechte auf dieſe Admi_
2676 5168 5236 5477 niſtration als Kanzler geltend zu machen, er
2711 5376 5262 5731 kön̄e er aber nicht erſt jetzo dieſe Adminiſtra_
2720 5639 3061 5834 tion
2901 5601 4113 5759 ohne ausdrückliche höhere Anordnung
3026 5648 3820 5947 übernehmen.
2734 5764 5303 6129 Auf diß aeußerten des Herrn Curators Excellenz
2690 6022 5226 6358 den Wunſch, daß die Sache nun auf ſich beruhen
2669 6235 3202 6463 möchte.
2730 6351 5338 6733 Es wurden noch die Nahmen der neuinſcribirten
2709 6594 4622 6868 von mir Secr. ex Alto vox ge
4353 6658 4609 6728 leſen
4622 6623 5179 6887 , hierauf
2686 6775 5167 7094 der Pedell Payer vorgeruſen, auf die ihme
2686 6970 5281 7325 aus den Statuten vorgeleſene Puncte aufs neue
2672 7165 5235 7490 von dem Herrn Rector mittelſt Handgelübds
2680 7384 5194 7677 in Pflichten genom̄en, und damit dieſe Seßion
2734 7566 3441 7852 beſchloßen.
3741 7926 4719 8246 T. D. Bengel, Rector.
