5570 8490
2839 355 5125 707 dem neuen Herrn Rector die Beendigung
4738 204 5349 453 des Punckts wegen
5088 394 5324 684 des
2823 551 3950 827 Univ. PoliceiWeſens.
2835 738 5321 1007 Nach dieſem wurden von mir Secretario die ge_
2779 945 5313 1268 wöhnliche EydesFormel eines Rectors vorgeleſen
2801 1158 5365 1460 und auf ſolche Herr Prof. Bengel mittelſt des Herr
2805 1366 5347 1679 Curators Excellenz geleiſteten Handgelübds
2792 1567 3506 1851 verpflichtet.
2828 1734 5266 2083 Herr Rector Bengel empfahle ſich hierauf des
2801 1986 5294 2339 Herrn Curators Excellenz ſowie dem akad.
2791 2194 3210 2410 Senat.
2797 2297 5260 2597 Auch der abgehende Herr Rector Prof. Schott,
2780 2539 5354 2832 dankte des Herrn Curators Exc. für die während
2774 2753 5395 3117 ſeiner Amtsführung erhaltenen Beweiſe des hohen
2740 2963 5316 3275 Wohlwollens, und dem akad. Senat für die ihme
2737 3169 4800 3534 zu theilgewordenen Unterſtützung.
2770 3385 5344 3764 Des Herrn Curators Excellenz proponirten
2768 3601 4151 3925 ſodann noch Folgendes.
2737 3826 5346 4159 1.) Seye das Verhältniß des Rectors zur Univer_
2806 4071 5321 4344 ſität durch die neue Organiſation nur in der
2739 4277 4372 4576 Art beſchränkt, daß derſelbe
4338 4294 4649 4453 gewöhnlich
4372 4326 5331 4562 nichts mehr mit den
2749 4442 5353 4820 Beſtrafungen zu thun habe, ſondern dieſes Sache
2759 4665 5369 4945 das Juſtitiars ſey. Jn höheren Sachen hingegen
2754 4896 5324 5158 ſpreche unter dem Praeſidio des Curators das
2752 5108 5334 5382 Collegium Decanorum, und in allem übrigen,
2724 5304 5319 5608 was Diſciplin, lieber alle Behandlung der Studi_
2708 5515 5260 5841 renden Leben mit denſelben p. betreffe, ſeye
2751 5707 4360 6042 dem Rector nichts benom̄en.
2717 5948 5301 6304 2.) Bitte er, daß diejenige Herrn Senatoren,
2759 6170 5334 6623 welche als Vorſteher der einzelnen akademiſchen
2734 6399 5313 6840 Jnſtitute Mitglieder der für dieſe niedergeſez_
2731 6607 5301 7013 ten Com̄ißion ſind, einen beſtim̄ten eine ge_
2711 6814 5308 7117 naue Ueberſicht gewährenden compte rendü
2712 7036 5312 7352 Jhme übergeben und ſich dabei über die Art und
2741 7273 5315 7622 Weiſe, wie die ausgeſezten Stim̄en zu verwanden,
2738 7459 5276 7804 ſo wie ihre weitern Wünſchen, zum Beſten der
2742 7654 4391 7976 Jnſtitute aeußern möchten.
2734 7858 5328 8202 Diß kön̄te in 9-10. tagen geſchehen, und ſodann
