5570 8490
3013 435 5137 808 gleich zu derſelben geſchritten werden
3018 685 3469 938 ſolle?
2878 921 5169 1293 Herr Vice-Kanzler dankte für die gegen ihn
2876 1166 5204 1520 geäußerten Geſin̄ungen, und bate den neu_
2842 1440 5151 1847 zuerwählenden Herrn Rector den Aufſatz,
2892 1829 3101 1930 die
2971 1671 3783 1878 vorgeſchlagene
3067 1725 5223 2110 neue Anordnung in B über die Bibliothek
2866 1932 5214 2342 betreffend, dem Herrn Prof. von Dreſch zu_
2861 2176 5168 2540 zuſchiken, da die Sache mere amtlich ſey, und
2857 2399 3721 2720 am beſten für
3546 2411 3749 2603 durch
3691 2456 5186 2781 den beſorgt werden kön̄e,
2903 2676 5222 3087 der mit der Einleitung nichts zu thun gehabt hab
2899 2954 5215 3343 Die ganze Sache wäre ſodann ſeiner Zeit dem
2883 3174 4255 3470 Miniſterium vorzulegen.
3561 3441 3997 3736 Concl.
2991 3572 4953 3936 daß die Wahl nun vorzunehmen.
2879 3914 5189 4319 Zu Vornahme dieſer Wahl begabe ſich hir_
2880 4163 5235 4597 rauf der Herr Rector und der Herr Vice-Kanz_
2903 4415 5194 4773 ler, nebſt mir Secr. in das Nebenzim̄er, wo_
2936 4647 5263 5051 ſelbſt die vota occulta colligirt und zum Rector
2920 4914 5245 5322 auf dieſes Winterhalbjahr legitime erwählt
2880 5203 3327 5477 wurde
3204 5370 4624 5771 Sum̄e Revdus Dn. Dr. Joh.
3280 5637 4101 5968 Sebast. Drey.
2946 5865 5185 6235 Dieſe Wahl publicirte der abgehende Herr
2933 6106 5189 6523 Rector in Senatu, worauf ſodann der neue
2976 6354 5197 6704 Herr Rector, da er das erſtemal dieſes Amt
2899 6593 5240 6915 übernahme, auf die ihm von mir Secretario
2907 6863 5268 7245 vorgeleſene gewöhnliche EidesFormel mittelſ
