5570 8490
4708 223 4910 358 117.
2586 421 4941 799 ſelben auszuſetzenden Wartgeld, (worüber
2597 649 4923 1056 vorerſt noch Anträge des Senats erwar_
2609 912 4891 1376 tet werden,) beigegeben werde, ſey von
2583 1247 4914 1709 dem Secretarius ang bekan̄tlich angezeigt
2543 1478 4888 1968 worden, daß ſich der Herr Juris Cand. Conz
2534 1747 4917 2207 von Böblingen zur An̄ahme der Stelle eines
2563 2034 4875 2495 Secretariats-Aßiſtenten anerboten habe.
2669 2357 4874 2758 Ob es nun gefällig, die Wahl eines Secreta_
2648 2612 4557 3030 riats-Aßiſtenten vorzunehmen?
3213 2908 3633 3205 Concl.
2756 3039 3216 3349 Placet.
2568 3261 4902 3708 Herr Rector und Herr Vice-Kanzler begeben
2561 3527 4921 4043 ſich hierauf mit mir Secretario in das Neben_
2541 3882 4868 4307 zim̄er, wo per Vota occulta zum Secreta_
2508 4064 4878 4532 riats-Aßiſtenten legitime erwählt wurde,
2655 4341 4840 4890 Herr Juris Cand. Ludwig Friedr. Conz,
2668 4613 3582 4957 von Böblingen.
2557 4912 4896 5418 Dieſe Wahl wurde ſogleich in Senatu publicirt,
2487 5138 4845 5603 und ſodann von Magn. Dn. Rector weiter
2519 5428 4838 5932 angefragt, ob in Rückſicht des Gehalts des
2489 5760 4935 6206 neuen Secretariats-Aßiſtenten auf 300 oder
2511 5988 4566 6460 auf 400 fℓ angetragen werden ſolle?
3323 6351 3735 6561 Concl.
2558 6511 4821 6927 Der Antrag wäre auf 400. fℓ zu machen, und
2531 6801 4847 7154 wegen eines Starts für dieſen Aßiſtenten
2568 7027 4868 7491 ſeiner Zeit weitere Verfügung zu treffen
