5570 8490
2847 508 5236 898 führten Gründe, etwas geſagt wer‗
2905 785 4424 1087 den wolle, oder nicht.
2965 1049 5246 1385 Hierauf wurde durch große Mehr‗
2862 1232 4384 1542 heit der Stimmen
3494 1493 4390 1852 beſchloſſen,
2844 1757 5281 2097 der miniſteriellen Note vom 6. Jul.
2837 2024 5267 2366 zufolge die gutächtliche Aeußerung
2860 2265 5237 2616 unter Beylegung der unterm 17. v. M.
2833 2524 5196 2870 von Hℓ. Prof. Chſtn. Gmelin ge‗
2838 2750 5235 3120 machten ſchriftlichen Erklärung da‗
2808 2999 5212 3370 hin abzugeben, daſs der academiſche
2877 3287 5205 3608 Senat die von Hℓ. Prof. Gmelin
2858 3516 5255 3888 angeführten Gründe nicht für zu‗
2838 3788 5192 4153 reichend erkennen könne, weil
2864 4060 5190 4427 ſonſt manches andere Mitglied
2869 4332 5255 4684 des Senats aus ähnlichen Gründen
2827 4598 5117 4895 litterariſcher Geſchäfte ſeinen
2869 4841 5220 5192 Austritt aus dieſem verlangen
2859 5096 5158 5388 könnte, in dieſem Falle aber die
2862 5307 5193 5659 Laſt von Senats= und Facultäts=
2888 5564 5126 5898 Geſchäften auf zu Wenige fallen
2846 5882 3448 6117 würde,
2847 6068 5232 6396 daß der acad. Senat, wen̄ er vorher
2847 6338 3646 6600 die Schrift
3143 6249 3650 6405 Abſicht
3613 6326 5184 6627 des Hℓ. Prof. Gmelin
2846 6503 5238 6865 gewuſst hätte, ihn von ſeinem Schrit‗
2846 6756 5221 7131 te abzuhalten geſucht haben würde,
2835 7002 5197 7353 daß aber, was die von Hℓ. Prof.
2854 7249 5237 7633 Gmelin am Ende ſeiner Erklärung
