5570 8490
1497 452 5176 877 angeführt werden, zu mal es ſchwer halten werde, es ſo zu machen,
1501 706 5239 1132 daß es nicht anfalle. Es bleibe auch im̄er noch Gelegenheit etwas anzu_
1535 957 4556 1322 bringen, wann die Antwort eingegangen ſeyn werde.
621 1113 5248 1616 Herr Prof. Jäger. Jn dem Condolenz und Gratulations-Schreiben wären blos Hoffnungen
1478 1386 2259 1667 zu äußern.
1217 1577 5162 1965 Herr Prof. Schrader nahme ſein Votum dahin zurück, daß in dem Schreiben die
1424 1855 4443 2278 Univerſität der Gnade des Regenten empfohlen werde.
2560 2139 3095 2428 ad pct. 3.
567 2245 5168 2774 Herr Dr. Bengel. Jn allgemeinen Ausdrücken kön̄te der Wunſch nach Wiederherſtellung des
1355 2614 5313 2999 Rechtszuſtands der Univerſität und des Vaterlands, die neue Regent zu vollen_
1370 2788 5232 3305 den beſtim̄t ſey, geäußert, ſich deßen Schutz empfohlen und geſagt werden, daß
1339 3044 4217 3497 man ſeiner Regierung mit Freuden entgegen ſehe.
571 3253 5120 3752 Herr Dr. Bahnmaier acc. mit dem Beifügen: daß man hoffe, es werde der Rechtszuſtand
1342 3569 5198 3972 deßen Wiederherſtellung der verstorb bei dem Vater begon̄en, nun von
1329 3776 2892 4170 dem Sohn vollendet werden.
605 3957 1649 4334 Herr D. Steudel acc.
581 4288 5236 4726 Herr Dr. v. Malblanc. Man darfe an̄ehmen, daß der neue Regent antworten werde, und
1296 4541 5197 4925 dann bekom̄e man ja Veranlaßung. Jn das Condolenz und Gratulations_
1312 4724 5268 5196 Schreiben gehörten keine Reclamationen; auch ſey indeßen im̄er ge antwor_
1294 5028 5256 5487 tet worden. Er überlaße es Majoribus wie es hineinzubringen; es müſte
1291 5184 3426 5627 das Ceremoniell beobachtet werden.
602 5453 5304 5963 Herr Prof. Schrader. Der frühere Gang wäre zum Grund zu legen mit Rückſicht auf die gegen_
1190 5702 5272 6190 wärtigen Zeiten und die Stim̄ung, in welcher der neue Regent ſich beſinden werde.
1179 5943 5288 6483 Neben der Condolenz und Gratulation halte er die Empfehlung der Angelegenhei_
1139 6137 5241 6724 ten der Univerſität für ſchiklich und nothwendig, und zwar auf die von Herrn Dr.
1134 6374 5161 6917 Bengel angegebene Weiſe, aber nicht weit ausgeführt, ſondern nur mit wenigen
1128 6577 5287 7196 Worten, damit man nicht vorgreife, und ein übles Licht auf die vorige Regierung werfe.
1133 6792 5275 7418 Das 2.te Schreiben werde weitere Veranlaßung geben, daher man in dem erſten
1125 7013 3013 7457 Schreiben deſto kürzer ſeyn kön̄e.
