5570 8490
2980 329 5312 800 derſelbe darauf aufmerkſam gemacht, daß
2996 615 5261 981 die Univerſität hoffe, ihre ehemalige Ver_
2987 831 5313 1208 faßung zu erhalten, und ob nicht ſchon dieſes
2977 1101 5281 1472 Schreiben einer Vorbereitung und delibera_
2992 1255 4232 1612 tion  bedürfe.
3668 1548 4054 1787 Concl.
3056 1687 5269 2051 Es wären auf irgend eine Art dem neuen
3026 1919 5285 2320 Regenten früher, oder ſpäter die Wünſche
3022 2146 5327 2490 der Univerſität vorzulegen, in dem
3014 2341 5261 2775 CondolenzSchreiben aber die Univerſität
3015 2633 4984 2997 vertrauensvoll zu empfehlen.
2833 2843 5281 3274 3.) Ob in dem CondolenzSchreiben die Sache
2949 3092 5342 3489 mehr deutlich geäußert werden ſolle oder
2947 3332 4528 3700 aber blos im Allgemeinen?
3558 3628 3936 3844 Concl.
3067 3719 5213 4153 Es wäre mit der gröſten delicateße
3038 3979 5249 4368 und Vermeidung jedes anſtößigen Worts
3036 4215 5317 4633 ſo kurz als möglich das jenige auszudrücken
3012 4475 4227 4803 was man wünſche.
2862 4730 5229 5108 4.) Da Herr Prof. Conz bei den Schwierig_
3009 4992 5264 5425 keiten, die mit der Faßung dieſes Schreibens
2931 5243 5231 5595 verbunden ſeyen, ſolche nicht allein werde
2983 5444 5177 5927 auf ſich nehmen wollen, ſo frage ſichs, ob
2976 5725 5298 6186 demſelben nicht noch ein Senator beigege_
2944 5961 5340 6397 ben werden wolle? am nächſten Freitag bei,
5197 6319 5259 6369 †
2951 6217 5302 6651 Herr Prof. von Kielmeyer bemerkte; er halte
2962 6450 5250 6861 es für eine Beleidigung, wenn dem Herrn
2941 6725 5332 7117 Prof. Conz deswegen ein Senator beigege_
2935 6916 3670 7208 ben wurde.
1176 1873 2647 2180 acc. Exc. Dn. D. de Malblanc.
809 6199 2572 6598 † Vorſtellung des neuen Herrn
797 6455 2795 6803 Rector kön̄te ſodann das Schreiben
859 6674 2722 7007 Senatui vorgelegt, dann mundirt
823 6894 2766 7295 und durch eigenen Boten abgeſendet
827 7120 1345 7358 werden.
1634 7167 3147 7589 Diſc. Exc. Dn. D. de Kielmeyer.
