5570 8490
3008 390 5258 740 ſchicken, daß er des halb bereits ſchon mit
3000 659 5250 1022 dem Herrn Vicekanzler Rückſprache ge_
2961 971 5300 1349 nom̄en habe, und wenn das Gutachten fertig,
3000 1204 5291 1639 ſolches dem Senat werde zugeſtellt werden,
2954 1481 5294 1937 und um es mit einem Bericht des Senats an
2956 1801 5239 2223 das Miniſterium einſenden zu kön̄en.
3696 2225 4127 2407 Concl.
3066 2365 5219 2782 Es wäre von allen dingen noch zu ſehen,
3044 2675 5234 3152 ob nicht ein Reſcript vorhanden ſey, nach
2976 2947 5269 3427 welchem bei der katholiſch theologℓ. Fakul_
2980 3280 5208 3636 tät eine Abweichung von dem §. 3 des
2951 3564 5274 3990 Univ. Statuts Statt ſinde, und dieſer Punct
2969 3814 5247 4289 biß dahin auszuſetzen. Jn Beziehung auf
2970 4057 5263 4539 die bei der ſtaatswirthſchafftlichen Fakultät
2959 4317 5243 4862 durch die Entlaßung des Hℓ. Prof. Liſt va_
3006 4662 5288 4988 kanten Stelle hingegen wäre der Herr
2993 4888 5280 5340 Dekan Prof. Fulda ſogleich zu erſuchen
2986 5207 5281 5658 ſeine Fakultät zu einer Aeußerung wegen
2929 5487 5296 6021 Wiederbeſetzung dieſer Stelle zu veran_
2967 5778 3498 6114 laßen.
3034 6109 5281 6458 7.) Zu Folge der miniſteriellen Note vom
3017 6408 5288 6816 11 Nov. v. J. nach welcher Seine Königℓ Ma_
3021 6638 5258 7076 jeſtät genehmigt haben, daß dem Secre_
2994 6948 5278 7546 tarius Uhland ein Gehülfe mit einem dem
