3808 5349
1653 100 1780 175 100
188 149 1630 242 harmonisch als einheitliches Ganzes erkennt. Dazu
184 190 1684 321 gehörte in erster Linie auch die Verwandtschaft von
169 281 1624 372 zwischen Wissenschaft und Kunst, die Sie so glücklich
172 344 1620 473 zu einem abgerundeten, inhaltsreichen Leben zu
166 420 1613 551 vereinigen wissen. Schon oft hatte ich das Gefühl,
173 484 1572 630 daß der Materialismus eines Prof. Haeckel
178 600 1581 710 und anderer eine unzeitige Geburt der Dar„
159 671 1647 796 win'schen Theorie sei, an sich berechtigt, aber nicht
169 738 1616 866 zu voller Entwicklung des Monismus gelangt.
191 839 1720 943 Es wundert mich nicht, daß d. Wort: „Materialist“
172 889 1608 1023 in Vieler Munde einen gewissen Beigeschmack
184 979 1787 1099 gewonnen hat, nämlich den des Trockenen, Nüchternen,
168 1061 1537 1189 Philisterhaften. Gewiß, auch ich neige seinen
166 1153 1555 1262 Grundgedanken von ganzer Seele zu, aber er
182 1205 1595 1338 darf nur ein Stück der Weltanschauung, nicht
167 1296 1548 1411 diese allein ausmachen, falls nicht Monismus
161 1366 1540 1505 mit Einseitigkeit statt mit Einheitlichkeit
173 1456 1628 1595 übersetzt werden soll. Um der Weltanschauung
176 1545 1616 1679 den rechten Saft, den Lebensgehalt, eine rechte
161 1633 1562 1756 Dauer zu gewährleisten, um ihr erst die volle
175 1762 1639 1857 Gesundheit zu verleihen, muß, auch nach meiner
171 1825 1556 1946 Ansicht unbedingt ein poetisches Empfinden
183 1893 1683 2028 hinzutreten. Goethe ist ja der glänzendste Beweis
168 1966 1674 2114 für ein vollständig ausgestaltetes, harmonisches
171 2053 1675 2199 Leben, und sein Leben war wirklich, wie der
153 2163 1591 2279 Titel seiner Selbstbiographie besagt: „Dichtung
155 2253 1640 2376 und Wahrheit“, Kunst und Wissenschaft, Genuß
155 2344 1668 2483 und Studium der Natur. Aber ich glaube, Leute
