3807 5349
1646 99 1783 205 102
154 126 1667 256 eine Dissonanz in eine Harmonie auflöst, so
155 228 1814 331 sagen Sie ganz recht: Leid ist werdende Freude, natür„
147 289 1584 426 lich wenn man es dazu macht, und dazu ist
155 386 1682 502 eine gewisse Fähigkeit nötig. Goethe schildert
155 478 1609 597 den Vorgang im Tasso: „So klammert sich der
155 524 1662 672 Schiffer noch am Felsen fest, an dem er scheitern
154 644 1666 769 sollte“. Bei Tasso ist es wieder die Dichtergabe,
164 716 1671 847 die ihm diese Fähigkeit verleiht, sich über das
156 799 1720 925 Unglück emporzuschwingen, indem er seinen „Zustand“
177 886 1737 1011 durch Dichten in einen „Gegenstand“ umsetzt. Man
168 959 1629 1091 muß den Standpunkt finden, von dem aus die
169 1048 1590 1165 vorüberziehende Gewitterwolke im schönen
167 1146 1631 1256 Gewand des Regenbogens erscheint. Ebenso nun,
168 1199 1748 1326 wie Freude u. Leid dasselbe Ding von verschiedenem
191 1284 1661 1382 Standpunkt aus darstellt, etwa von oben und
175 1381 1713 1494 unten gesehen, ist es auch bei allen übrigen Gegen„
172 1441 1592 1560 sätzen: z. B. Körper u. Geist von innen und
158 1510 1641 1656 außen (und damit fallen für mich Dualismus u.
169 1590 1638 1721 Monismus unter eine Kathegorie), Gut u. Böse
175 1665 1665 1823 zu verschiedenen Entwicklungszeiten. Es fragt
158 1759 1651 1913 sich nun: Sind Naturstudium u. -Genuß auch
155 1837 1519 1987 verschiedene Stadien der Entwicklung oder
155 1940 1419 2061 können sie nebeneinander bestehen?
322 2009 1671 2144 Nach Ihrer Beschreibung sollte man an„
167 2118 1678 2230 nehmen, daß aus dem Naturpoeten der Natur„
175 2180 1693 2296 forscher, aus diesem der Naturphilosoph hervor„
191 2311 1632 2417 geht. Unzweifelhaft geht ja auch bei allen
