3808 5349
118 90 216 220 3.)
437 192 1662 330 uns Kaffée. Dann kam Frau Labahn
430 281 1676 403 und bald darauf wurde unser Gepäck ge-
428 357 1676 482 bracht, das wir zuerst auspackten. Bruno
436 427 1489 511 schrieb unterdessen eine Karte an
1449 421 1493 472 die
1489 423 1763 512 Großeltern.
419 505 1694 622 Als wir mit Auspacken und Ordnen fertig
445 579 1684 692 waren, gingen wir an unsrer früheren
437 659 1689 785 Wohnung, von der ich nur den Schweine-
418 756 1700 825 stall und die gegenüberliegende Wiese er-
441 804 1617 915 kannte, vorbei nach dem Strande, der
433 879 1689 991 uns außerordentlich sehr gefiel. Wir gin-
428 952 1674 1071 gen ein Wenig am Strande entlang und
442 1023 1748 1114 darauf nach Kurth's Gasthaus, wo wir war-
439 1096 1674 1196 mes Abendbrot aßen, da wir den ganzen
425 1156 1763 1282 Tag noch nichts Ordentliches gegessen hatten.
436 1262 1771 1352 Von dort gingen wir nach Haus, sprachen noch
430 1310 1735 1435 etwas mit Herrn und Frau Hoth und einer
448 1408 1720 1526 Dame aus dem Hause und gingen um 9 Uhr
446 1481 1279 1599 zu Bett. Ich erkannte von
441 1566 1727 1697 Ich hatte von Heringsdorf nur noch wenig
445 1638 1729 1767 erkannt, jedoch Mama u. Bruno erinner-
440 1750 1758 1842 ten sich noch an vieles. Unser Haus liegt sehr
438 1799 1733 1919 hübsch in einem ziemlich großen Garten mit
445 1875 1674 2005 hohen Bäumen. Wir wohnten eine Treppe
444 1945 1759 2064 hoch in sehr hübschen Zimmern. Von der Treppe
440 2049 1716 2180 aus sind zwei Thüren zu unsrer Wohnung.
464 2159 1738 2247 Eine T führt in die Küche, von der aus man in
449 2224 1693 2341 die Speisekammer und die Speisekammer
458 2315 1758 2383 auf der einen Seite und in ein Schlafzim-
453 2371 1733 2479 mer auf der andern Seite kommt. Von die-
