3808 5349
1674 89 1770 178 66
140 91 1489 204 ten um und wandten uns jetzt wieder mit
140 153 1491 300 Gepäck zu den Schwedenlöchern. Durch hohe
133 241 1491 346 steile, oft seltsamgeformte Felswände führt
116 300 1557 450 hier ein schmaler Abstieg oft durch unter Felsen
126 379 1564 510 hinweg in den Amselgrund. Zuweilen glaub„
126 484 1557 575 ten wir, da in eine Sackgasse geraten zu sein,
119 515 1531 656 wenn wir vor uns plötzlich den Weg auf„
127 598 1512 730 hören sahen, doch immer entdeckt man eine
118 673 1479 783 Spalte, durch die sich der Weg weiter hin„
128 717 1491 852 durchzwängt. Zum Photographieren war es
109 801 1524 962 leider zu dunkel. Den Amselgrund verfolg„
97 864 1470 1027 ten wir aufwärts bis zum Amselfall. Ich
106 936 1491 1053 war ein wenig voraus und kroch in die
135 1015 1480 1156 Höhle, die sich hinter dem Wasserfall be„
132 1086 1352 1244 findet, ein paar Schritt hinein, als ich
135 1154 1451 1319 plötzlich ein verdächtiges Geräusch über
154 1260 1500 1344 mir vernahm. Ich konnte noch grade schnell
126 1314 1491 1459 zurückspringen, um dem herabstürzenden
132 1388 1471 1543 Wasserschwall zu entwischen. Wir waren
144 1460 1490 1621 jetzt ziemlich ermüdet und freuten uns, als
152 1536 1484 1685 uns ein Hausdiener eines Gasthauses sein
143 1606 1384 1768 Quartier anbot. Wir mußten noch eine
139 1682 1453 1844 halbe Stunde steigen - das Gepäck trug der
151 1744 1481 1908 Hausdiener - und bekamen dann in Rathen„
141 1857 1481 1941 walde zwei nette Zimmer. Nach dem Abend„
130 1920 1449 2046 brot, das eine junge Katze und zwei Hunde
127 1995 1458 2086 durch ihre Anwesenheit „verschönten“, gingen
130 2039 1468 2176 Bruno und Erna ein wenig ins Dorf. Dann
121 2139 1381 2248 krochen wir in unsre Betten und schliefen
119 2198 1403 2313 mit Ausnahme von Mama, Bruno und
141 2273 1428 2410 Erna ganz vorzüglich bis zum Morgen.
1532 148 1824 288 Schwedenlöcher.
1559 338 1823 495 Amselgrund
1524 828 1774 984 Amselfall
1497 1759 1810 1888 Rathenwalde.
