3808 5349
1688 80 1771 181 64
399 130 1430 299 I Tag. (Donnerstag d. 13.7.99.)
181 324 1417 476 Nachdem wir früh um 5 Uhr aufgestanden,
150 391 1417 548 uns fertig gemacht und von Richard und
142 459 1399 631 Großmama, die auch herübergekommen
143 545 1358 682 war, verabschiedet hatten, fuhren wir
131 622 1376 763 in einer Droschke zum Anhalter Bahnhof,
137 701 1439 800 von wo unser Zug um 8 Uhr abdampfte.
147 773 1378 892 Unsre Reisegefährten waren ein Radlerehe„
144 839 1373 952 paar und ein älterer Herr, der bald eine
137 902 1308 1018 Unterhaltung in Gang brachte. Er ließ in
143 971 1425 1111 humorvoller Weise recht energische, doch ganz
132 1029 1429 1141 nette Anschauungen durchblicken. Wir spielten
141 1110 1415 1225 auch noch Skat, und so verging die Eisenbahn„
140 1156 1386 1302 fahrt ziemlich schnell. In Pirna, wo wir um
138 1241 1363 1376 ¾12 ausstiegen, trennten wir uns. Wir
133 1334 1324 1457 fuhren von dort mit dem Dampfschiff nach
137 1371 1377 1520 Wehlen, wo wir im Dampfschiffhotel Mittag
126 1461 1415 1577 aßen. Dann gingen wir durch die Stadt auf ei„
130 1544 1343 1673 ne kleine Anhöhe, auf der ein verfallner
122 1612 1410 1750 Turm eine hübsche Rundsicht gewährt. Wir stie„
149 1677 1313 1799 gen wieder hinab und gelangten in den
148 1784 1395 1875 Uttewalder Grund, ein reizendes Thal, von
139 1844 1412 1961 einem rieselnden Quell durchflossen und von
150 1909 1397 2036 felsigen, bewaldeten Bergrücken eingeschlos„
134 1987 1383 2143 ssen. Ein bequemer Weg führte uns eine ge„
132 2048 1429 2178 raume Zeit hindurch bis zu einer Thalspaltung.
144 2120 1380 2277 Wir schlugen jetzt den Weg nach links ein,
137 2201 1399 2316 immer an schroffen Felswänden entlang
140 2265 1387 2367 und gelangten zur Waldschänke, die in einer
151 2337 1417 2442 kleinen Thalerweiterung, der Waldwiese liegt.
146 2395 1308 2526 Hier nahmen wir unsern Kaffee ein und
597 2459 1100 2549 (einen kleinen Imbiß)
1567 1190 1745 1297 Pirna.
1530 1391 1764 1509 Wehlen.
1457 1769 1818 1883 Uttewalder Grund
1544 2266 1811 2403 Waldschänke.
