3807 5349
107 80 177 193 7.)
457 227 1740 334 beitete. Um ½1 gingen wir nach Kurth's
446 297 1698 401 Gasthaus * und aßen dort sehr gut zu
441 370 1701 483 Mittag. Von dort gingen wir wieder nach
457 448 1700 573 Hause und waren unschlüßig, ob wir ge-
435 528 1719 625 hen sollten, oder nicht. Ich arbeitete noch
438 596 1704 703 etwas und, da es nur ganz wenig regnete,
445 659 1700 766 wollten wir zum Förster gehen. Als wir
444 736 1727 844 ein Stück die Chaussée gegangen waren,
448 804 1711 934 fing es an stärker zu regnen, doch gingen
440 873 1737 992 wir weiter und es hörte bald wieder auf.
451 952 1710 1077 Wir kehrten in einem großen Restaurant
442 1035 1703 1106 mit einer Kapelle ein, das mir gar nicht
440 1094 1714 1208 sehr förstermäßig vorkam, da auch Kellner
445 1160 1672 1275 dawaren. Nachher gingen wir weiter und
453 1233 1693 1345 merkten auch, daß wir garnicht beim För-
445 1307 1681 1392 ster gewesen waren, sondern kamen erst
443 1387 1711 1477 jetzt daran vorbei und stiegen auf einen
464 1439 1726 1536 Berg, auf dem einen Turm war. Dieser war
449 1524 1677 1599 aber verschlossen und wir stiegen an den
450 1582 1695 1686 Strand hinab. Dort war ein ziemlich gro-
445 1651 1644 1764 ßer, aber junger Hund, der alles aus dem
455 1706 1714 1838 Wasser herausholte, was man hineinwarf,
435 1817 1631 1895 doch da er nicht schwimmen konnte,
434 1879 1746 1946 ging er nur so weit, als er Grund hatte,
441 1926 1743 2033 und, als ein kleinerer Hund weiter hinaus-
442 2018 1713 2110 schwamm, war er so neidisch, daß er den
447 2053 1730 2166 andern nicht wieder herauslassen wollte
437 2124 1732 2242 und ihn nachher verjagte. Als wir weiter
436 2192 1744 2309 der Kaiser Wilhelm Brücke zugingen, sahen
454 2270 1757 2390 wir einen wundervollen Regenbogen von
433 2350 1679 2456 Misdroy aus ins Meer ragen, denn die
430 2407 1720 2529 Sonne war wieder hervorgekommen und
111 243 409 317 * vorher be-
109 296 405 352 stiegen wir
104 328 439 396 noch den Kulm,
100 352 378 421 einen Berg,
112 404 426 458 von dem man
101 441 436 500 eine sehr schö-
104 474 381 536 ne Aussicht
101 502 443 584 auf die See hat.
