3807 5349
103 120 232 202 101
377 136 1741 271 wie Prof. Haeckel können die Natur garnicht
373 222 1730 349 mehr kindlich genießen, wenigstens nicht als
381 321 1733 444 Harmonie: ihnen zerfällt sie unter den Fin„
391 407 1693 508 gern in die vorgeschriebene Einteilung, wie
384 453 1680 564 Gattung, Ordnung, Familie u. s. w. Wie die
360 531 1701 664 Kenntnis der Natur den Genuß unterstützt,
359 607 1703 752 so auch umgekehrt. Ich sah neulich ein Bild
365 682 1620 825 Anakreons, wie er mit seiner Lyra an
367 772 1659 918 einen Baum gelehnt dem Waldesrauschen
364 861 1744 1002 horcht. Das ist wahres Künstlerglück, daß
358 939 1716 1075 er die Saiten seines Instruments so zu stim„
367 1018 1679 1160 men versteht, bis die Naturseele harmonisch
352 1106 1680 1237 mitklingt. Und die Kenntnis der Gattungen,
346 1198 1734 1337 Familien u. s. w. bedeutet dabei doch nur den
343 1310 1692 1417 unterstützenden theoretischen Unterricht, der
329 1374 1769 1475 nie ein Selbstzweck sein darf. Es gehört daher
320 1471 1724 1584 kein Künstler, sondern einfach ein, wenn ich
300 1544 1713 1671 so sagen darf, Seelenmusiker dazu, sich mit
312 1614 1720 1756 der Natur in Einklang zu bringen und so sein
323 1715 1676 1849 Seelenglück selbst zu schmieden. Zu einer
316 1798 1725 1935 volltönenden, guten Musik (ich denke haupt„
320 1867 1691 2025 sächlich an Wagner od. Beethoven) gehören
314 1964 1674 2113 aber auch die Dissonanzen! Auch der wilde
323 2031 1739 2179 Sturm im Naturreich neben der Stille eines
325 2128 1622 2268 Waldidylls und dann ferner jede trübe,
349 2199 1773 2354 stürmische Zeit im Leben des Menschen müssen
308 2280 1685 2432 ihr Teil zur Weltanschauung thun. Wie sich
