3807 5349
96 118 180 199 99
402 138 1728 212 Brief von mir an Dr. Bruno Wille nach der Lektüre
548 215 1784 300 seines Werkes: „Offenbarungen d. Wachholderbaums“.
769 290 1193 379 vom 7.XII.01.
311 403 937 517 Hochverehrter Hr. Dr.!
497 484 1722 623 Verzeihen Sie mir, bitte, wenn ich es wage,
326 576 1683 697 mich in folgendem persönlich an Sie zu richten.
324 690 1744 783 Ich habe vor einiger Zeit ihr Werk: „Offenbarun„
319 747 1652 863 gen des Wachholderbaums“ mit regster Anteil„
300 820 1716 951 nahme und zu meiner Belehrung gelesen. Ich
281 900 1689 1017 bin Ihnen so dankbar dafür, daß ich meine Scheu
285 962 1710 1097 überwinde und einige Hauptgedanken, die Sie
299 1053 1681 1178 diese Lektüre in mir angeregt oder in neues
316 1139 1685 1273 Licht gerückt hat, Ihnen vertrauensvoll aus„
325 1198 1671 1345 zusprechen versuchen will; und da ich glaube,
291 1290 1595 1443 daß Ihnen nur mit einer ganz offenen,
1461 1252 1681 1337 rückhaltslosen
1572 1291 1707 1358 Aus„
275 1386 1739 1524 sprache gedient sein kann, so trage ich nicht Beden„
281 1459 1733 1592 ken, Ihnen wirklich meine Meinung zu sagen,
283 1541 1732 1685 bitte Sie jedoch dabei zu bedenken, daß ich selbst,
275 1656 1687 1771 in Anbetracht meiner Unerfahrenheit, meine
279 1692 1686 1859 positiven Aussagen nur als bescheidene Bitten
296 1791 1724 1938 oder Fragen ansehe. Ich rufe deshalb noch einmal
276 1873 1749 2022 im Voraus Ihre gütige Nachsicht an, wenn ich auf
274 1977 1483 2101 die äußere Form wenig Gewicht lege.
416 2052 1752 2181 Ich habe in Ihrem Werke viele meiner eignen,
260 2115 1729 2263 selbstgefundenen Anschauungen bestätigt, und doch
268 2175 1770 2344 erst einmal deutlicher gestaltet gefunden. Es ist
253 2312 1774 2428 mir gelungen, in mir eine Weltanschauung heran„
249 2360 1707 2513 zubilden, die das All im weitesten Umfange
