3807 5349
1678 86 1772 196 2.)
145 180 1772 363 „nur“ 20 Min. zu spät abfuhren, nachdem wir uns nach
144 295 1759 428 längerem Verhandeln mit Herrn u. einer Dame in das
138 387 1760 526 erste beste Coupée gesetzt hatten, das denn auch merk-
140 456 1758 606 würdiger Weise das richtige war. Der Zug ging 9,13 ab. Die
142 567 1772 668 Fahrt war ziemlich stumpfsinnig. Um 10,40 kamen wir nach
141 637 1750 764 Angermünde, wo wir eine Depesche an Frau Labahn auf-
138 705 1686 851 setzten, daß wir erst um ½3 dasein würden. Um 12,12
146 817 1765 928 kamen wir nach Pasewalk, wo 10 Min. Aufenthalt sein sollte.
115 890 1786 1026 Als wir nun dachten, jetzt würde es weiter gehen, da hieß
131 965 1746 1109 es plötzlich, wir müssten umsteigen in den Zug, der uns
148 1042 1782 1176 hier eingeholt hatte. Selbstverständlich war dort kein
128 1123 1764 1238 Platz mehr, aber es wurde welcher gemacht und wir
158 1235 1754 1349 quetschten uns auch hinein. Erst fuhr unser erster
147 1333 1787 1427 Zug weiter, dessen Stelle sofort ein andrer Extrazug
143 1438 1760 1538 einnahm, dann fuhren wir ab und auch uns folgte
138 1508 1746 1618 ein Extrazug, da der Verkehr sehr stark war. In
132 1563 1806 1723 Ducherow, wohin wir um 1,46 gelangten stiegen meh-
133 1671 1729 1809 rere aus und wir bekamen etwas Platz. Von jetzt ab
140 1768 1788 1876 wurden wir immer ungeduldiger und die Fahrt immer
134 1838 1785 1945 langweiliger bis wir endlich um ungefähr 3,21 in statt,
124 1905 1751 2009 wie beabsichtigt, um ½12 in Heringsdorf ankamen, wo
157 1980 1802 2072 uns Frau Labahn und Herr Hoth auf dem Bahnhof emp-
152 2058 1750 2183 fingen. Herr Hoth begleitete uns ein Stück und kehrte
135 2140 1701 2267 dann wieder zur Bahn zurück, während wir nach
129 2215 1798 2359 einigen kleinen Umwegen an unserm Ziele ankamen.
130 2312 1812 2468 Frau Hoth zeigte uns unsre Wohnung und hal brachte
