3807 5349
1693 63 1789 162 68
143 100 1499 212 in ihren merkwürdigen Formen verdecken.
137 184 1415 309 Auf einem Felsen am Wege machten wir
135 265 1425 362 eine kurze Rast. Wir waren schon wieder
127 329 1374 442 etwas müde, als wir in der Walters„
113 398 1419 533 dorfer Mühle anlangten, und das Mit„
138 472 1387 588 tagessen mundete uns vortrefflich. Nach„
121 530 1410 666 dem die unvermeidlichen Ansichtskarten be„
131 639 1421 747 wältigt waren stiegen wir zum Karola„
157 686 1360 818 felsen empor, der eine schöne Aussicht
128 770 1347 901 bietet. Auf dem Abstiege gingen wir
138 833 1368 944 durch die Dianahöhle, ähnlich der Wolfs„
143 910 1389 1035 schlucht. Unser Gepäck hatten wir im Hotel
142 986 1342 1107 gelassen. Wir holten es jetzt, warteten
145 1061 1304 1191 einen kurzen Regen ab und gingen
135 1103 1401 1230 auf der andern Seite des Thales weiter.
144 1202 1357 1298 Auf dem Wege gaben wir uns aller„
145 1233 1379 1415 hand zu rathen auf. So erreichten wir die
135 1329 1386 1484 Frinzthalmühle, wo wir Kaffee tranken. Wir
140 1404 1385 1555 hatten eigentlich die Absicht, noch heute nach
140 1486 1372 1593 Schandau weiterzufahren, besannen uns
109 1568 1301 1684 aber anders und mieteten in der reizend
130 1648 1321 1784 gelegenen Frinzthalmühle Logis. Nun
154 1731 1378 1821 stiegen wir noch auf den Brand, zu dem
163 1798 1287 1903 824 Stufen emporführen. Für unsre Mühe
154 1853 1330 1963 ward uns eine recht neblige Aussicht;
150 1913 1341 2042 man konnte aber doch die Hauptsachen
138 1969 1336 2106 erkennen. Wir sahen uns noch die Ha„
149 2067 1331 2184 fersäcke an, merkwürdig geformte Stein
150 2121 1334 2250 säulen, die aus dem Thale emporragen,
136 2192 1398 2301 dann stiegen wir wieder hinab. Nach dem
134 2279 1301 2363 Abendbrot spielten wir etwas Skat im
133 2336 1063 2477 Garten und legten uns schlafen.
1422 321 1818 449 Waltersdorfer
1414 411 1639 516 Mühle.
1417 604 1820 724 Karolafelsen.
1419 792 1792 940 Dianahöhle.
1387 1307 1825 1441 Frinzthalmühle.
1473 1698 1724 1824 Brand.
