3807 5349
117 99 196 180 67
613 107 1615 305 II. Tag (Freitag, d. 714.7.99.)
500 311 1767 439 Als wir aufwachten regnete es. Wir mußten
469 388 1736 516 daher im Saale Kaffee trinken. Gegen 9 Uhr hörte
466 470 1744 586 der Regen auf und wir zogen los, zuerst eine
473 537 1732 653 Chaussee, dann einen sehr hübschen Waldweg
470 605 1704 733 entlang, der zu den Hocksteinen führte. Das
467 695 1653 789 sind vorspringende Felsen, von denen man
469 737 1737 860 das gegenüberliegende Hohnstein und das tiefe
465 802 1781 932 Polenzthal sehr schön lieg sieht. Die Stadt und Burg
485 878 1695 1007 Hohnstein photographierte ich. Von hier ging es
478 950 1717 1054 durch die Wolfsschlucht hinab ins Polenzthal.
475 1029 1745 1164 Der Abstieg ist wieder von großartiger Schön„
480 1098 1754 1237 heit. Über den schmalen Stufen, die man hinab„
493 1180 1750 1298 steigt, treten die Felsen so nah aneinander,
477 1258 1667 1343 daß die Schlucht eigentlich einen Tunnel
471 1318 1750 1432 bildet; zuletzt biegt sie noch um, so daß man
486 1377 1675 1478 am unteren Ende nur eine kleine Höhle
492 1460 1738 1546 erblickt, wo d aus der dann plötzlich Men„
509 1507 1691 1644 schen zum Vorschein kommen. An dem
497 1586 1744 1718 Restaurant zum Polenzthalt gingen wir
494 1657 1758 1769 vorbei und traten nun in das wundervolle
504 1732 1726 1874 Thal selbst ein. Im Uttewalder Grunde hatte
497 1807 1710 1962 ich mir nicht denken können, daß nun noch
502 1904 1679 2013 irgend etwas Sehenswertes kommen
506 1990 1685 2106 könne. Wie freute ich mich, daß ich mich
500 2045 1741 2192 getäuscht hatte. Das eigenartige am Polenz„
505 2124 1664 2273 thale ist, daß die hohen, zerklüfteten,
510 2221 1762 2359 steilen Felswände dicht bewachsen sind,
495 2302 1716 2446 ohne daß jedoch die Bäume, die sich nur
473 2382 1765 2523 mit den Wurzeln anklammern, die Felsen
100 604 419 724 Hocksteine.
96 724 398 845 Hohnstein.
112 815 435 931 Polenzthal.
106 957 470 1075 Wolfsschlucht.
