3807 5349
146 117 251 202 103
359 122 1579 239 Völkern das poetische Empfinden der
373 200 1631 320 wissenschaftlichen Betrachtung voran,
370 278 1692 405 (s. auch Schillers: „Die Künstler“) doch aber
372 348 1703 496 glaube ich, daß der Naturphilosoph erst
374 456 1692 581 aus dem Forscher  wird. Der Mensch findet
380 530 1692 661 Gefallen an der Natur (Poet), sucht sie näher
365 623 1675 737 zu ergründen durch Sammeln von That„
379 688 1673 823 sachen und deren Verarbeitung zu Natur„
393 771 1681 894 gesetzen (Forscher) und dann erst kann er
376 854 1658 980 daran gehen, nachzudenken, welches die
385 924 1742 1065 fernere Entwicklung der Natur nach diesen
385 998 1677 1151 Gesetzen sein wird (Philosoph). Es ist die
366 1086 1656 1222 dreifache Thätigkeit des menschlichen Hirns:
394 1174 1692 1282 Fühlen, Denken, Wollen. Man nimmt erst auf,
374 1271 1747 1356 verarbeitet dann das Gewonnene und giebt
377 1323 1730 1446 schließlich das Resultat irgend wie wieder.
397 1401 1632 1509 Vielleicht könnte der Materialismus die
391 1461 1728 1593 erste Stufe hinter sich haben und mit der 2ten
405 1554 1677 1691 beginnen? Doch das wäre ein Trugschluß:
380 1619 1719 1760 Die Wissenschaft ist wohl ein Sprößling der
369 1708 1742 1829 Kunst, aber einer, der in gleicher Stärke mit
381 1791 1759 1916 dem Stanm parallel läuft. 1. u. 2. müssen
382 1877 1728 2001 zusammenwirken, um 3. hervorzubringen
395 1959 1727 2086 (Ich möchte die Wissenschaft mit dem Vater, die
368 2046 1763 2162 Kunst mit der Mutter vergleichen.) Immer
376 2118 1712 2250 wieder ist der B beste Beweis für richtige,
381 2219 1662 2341 gesunde Naturphilosophie Goethe, der doch
368 2322 1619 2456 wahrlich d. dichterische Ergötzen an der
145 202 246 732 Also Übereinstimmung!
91 188 199 780 (Beim Einschreiben: 24.III.02.)
