3807 5349
89 82 152 166 1.)
449 239 1486 427 I. Tag (Sonnabend d. 3. VII. 1897)
388 409 1703 563 Wir standen früh zwischen IV und V Uhr auf und
396 508 1683 641 packten noch einige Sachen in den Koffer, wo-
391 576 1679 685 bei uns der Tischler Hunold mit seinem Lehr-
391 666 1700 799 ling half. Gegen VI Uhr stand auch Richard auf
389 757 1731 869 und wir tranken zusammen Kaffee, während
380 832 1742 962 der Tischler das Gepäck auf den Bahnhof schaff-
388 931 1741 1023 te. Um ¼7 holte uns die Droschke nach dem Stet-
381 990 1758 1091 tiner Bahnhof ab, wo wir nach einer halbstün-
365 1059 1765 1191 digen Fahrt ab ankamen. Richard fuhr nicht mit.
372 1146 1741 1266 In der Vorhalle trafen wir den Tischler, der schon
369 1233 1759 1349 Billets besorgt hatte, aber noch mit dem Gepäck
369 1323 1719 1456 beschäftigt war. Als wir endlich um 7,25 auf das
371 1414 1721 1536 Perron kamen, war der Zug bereits besetzt. Wir
367 1494 1755 1587 wurden von hinten nach vorn und von vorn nach
365 1584 1722 1711 hinten geschickt. Schließlich mussten wir auf
363 1669 1737 1793 den nächsten Zug warten. Wir fragten verschie-
364 1747 1717 1876 dene Zugführer, wann der Zug gehen würde, doch
363 1817 1766 1941 jeder gab uns eine andere Zeit an, so daß wir jedoch
376 1887 1791 2010 herausbekamen, es müsse noch diesen Vormittag sein.
365 1967 1707 2075 Nun setzten wir uns auch in den Zug, welcher
368 2037 1765 2163 schon dastand, mußten aber natürlich wieder her-
373 2119 1708 2236 raus. Da trafen wir Wüllenwebers, welche nach
365 2193 1750 2324 Prerow wollten. Diese fanden sofort ihr bestelltes
371 2304 1721 2412 Coupée, fuhren aber mit einer Verspätung von
360 2352 1688 2503 über einer halben Stunde ab, während wir
