3807 5349
106 105 184 173 65
489 99 1773 232 gingen noch ein Stück weiter bis zum Felsen„
464 177 1716 308 thor. Darauf gi machten wir Kehrt, und gingen
468 245 1672 376 bis zur Thalspaltung zurück, um jetzt den
459 316 1737 446 zweiten Weg zu gehen. Unterwegs photogra„
461 385 1755 517 phierte uns Bruno an einem Felsvorsprung.
473 469 1677 576 Jetzt trafen wir einen Wagen, dem wir
456 537 1731 676 unser Gepäck bis zur Bastei mitgaben. Wir
448 636 1730 745 selbst marschierten jetzt erleichtert weiter.
442 678 1771 822 Unser Weg führte uns zunächst zur Schiefer„
449 754 1750 887 tafel, einer schmalen, losgetrennten Felsen„
444 825 1749 964 platte von gewaltigem Umfange. Hier be„
449 902 1758 1021 gannen Erna die Sohlen zu brennen, weil,
444 962 1748 1095 wie sie sagte, sie zu lange in die Höhe ge„
451 1034 1709 1153 sehen hatte. (Anm. d. Red.:?!!!?!!!) Bald kamen
467 1111 1704 1237 wir zu einer Chaussee, wo wir eine kurze
482 1178 1776 1293 Rast machten. Dabei setzte sich ein Schmetter„
469 1259 1579 1390 ling ganz ungeniert auf meine Hand
1579 1257 1662 1318 und
1579 1265 1791 1383 praemier„
460 1343 1754 1427 te auf mir herum, um sich endlich auf meinem
477 1404 1721 1525 Stocke häuslich niederzulassen. Auch, als wir
466 1484 1718 1624 uns wieder auf den Weg machten, konnte
480 1574 1741 1698 er sich lange nicht wieder von uns trennen.
460 1638 1690 1766 Am steinernen Tisch vorbei kamen wir
479 1705 1732 1830 zu abermals zu einer Chaussee und über
484 1772 1669 1903 dieselbe hinweg zum Wehlstein, von
471 1850 1646 1966 dem man tief hinab einen herrlichen
493 1898 1747 2034 Blick in die zerrissenen Felswände des
479 1980 1721 2109 Wehlgrundes hat. Einige Schritte weiter
480 2058 1771 2172 stand das Hotel der Bastei, wo wir Kaf„
483 2155 1714 2260 fee tranken. Alsdann besichtigten wir
503 2184 1766 2309 den Basteifelsen und den herrlichen Blick
508 2262 1744 2362 in's Elbthal. Nun gingen wir über die mit
515 2343 1766 2441 großer Kunst erbaute Basteibrücke, wo ich
509 2389 1777 2512 eine photographische Aufnahme machten, kehr„
91 747 377 871 Schiefertafel.
97 1659 411 1772 Steinerner Tisch.
122 1763 426 1887 Wehlstein.
113 1980 402 2078 Wehlgrund
151 2053 369 2163 Bastei.
