3807 5349
1744 90 1808 168 6.)
163 199 1564 321 Seite gehen. Als ich ihn los war ging ich zum
155 279 1518 377 Strande hinunter, wo es sehr hübsch aus-
152 343 1503 482 sah, da eine große, schwarze Wolke über
147 448 1504 535 dem Wasser hing. Dann ging ich am Strande
161 512 1540 584 weiter und währenddessen brach die Sonne,
148 557 1481 644 schon ziemlich weit oben, durch die Wolken
120 614 1496 706 und schimmerte an den Wellen wieder. Ich
155 686 1460 798 ging darauf wieder durch die Strand- u.
155 762 1455 880 Labahnstraße zurück nach Hause, wo ich
148 810 1527 950 etwa gegen 5 Uhr ankam. Dort setzte ich
121 914 1487 1020 mich auf die Veranda und schrieb den I
126 983 1522 1110 Tag in dies Buch ein und fing an etwas zu
124 1084 1550 1156 arbeiten. Inzwischen wachten auch die andern
138 1152 1495 1258 auf und zogen sich an. Während ich arbeitete
132 1242 1555 1313 kam ab und zu eine Rauchschwalbe und zwit-
132 1291 1516 1392 scherte, wobei sie das Dach unsrer Veranda
122 1382 1532 1478 genau in Augenschein nahm. Da das so aussah
124 1448 1561 1521 als wolle sie ein Nest bauen legte ich Watte hin,
121 1521 1519 1609 obgleich ich nicht wußte, was sie jetzt noch
122 1572 1548 1655 mit einem Nest wollte. Doch merkte ich am
148 1636 1517 1760 Vormittag, daß in der Nähe eines Schwalben-
129 1722 1575 1789 nestes an der gegenüberliegende Villa ein Spatzen-
122 1786 1487 1886 par umherflog, das vielleicht die Schwalben
122 1855 1508 1959 verjagt hatte, und war es daher leicht möglich,
121 1919 1539 2028 daß die letzteren ein neues Nest bauen woll-
119 2000 1572 2085 ten. Als Mama, Bruno u. Erna mit Anziehen
141 2072 1549 2193 fertig waren, tranken wir Kaffée und gingen
136 2140 1521 2246 zusammen an den Strand, wo Erna und ich im
137 2203 1551 2336 Sande gruben, während Mama und Bruno nach
126 2295 1514 2412 Bansin gingen. Da es bald anfing zu reg-
120 2375 1459 2505 nen, mußten wir wieder nach Hause und
1470 2359 1528 2423 ich
1440 2415 1549 2487 ar-
